3472 5234
222 571 331 654 (hlorti
355 585 467 634 contra
492 573 638 634 Markum
663 570 766 633 filium
792 571 927 655 Mykech
952 571 1010 634 filii
1043 573 1203 635 Leonardi
1239 574 1487 656 adjudicassent,

223 697 320 760 quem
345 678 471 740 dicebat
495 698 561 741 esse
585 678 645 740 sibi
670 678 921 760 inpignoratam,
945 679 1033 760 quod
1052 679 1267 762 juramentum
1292 681 1384 762 jurati
1410 701 1486 744 con-

221 784 307 847 cives
336 785 436 846 nostri
467 784 507 846 ad
540 785 645 866 ipsum
676 783 892 867 juramentum
924 784 1086 866 deputati,
1122 785 1262 848 eundem
1294 787 1483 866 magistrum

224 890 404 953 iohannem
430 890 581 973 Crispum
605 904 749 972 tempore
774 889 991 972 deposicionis
1018 891 1118 973 ipsius
1151 891 1321 973 juramenti
1346 911 1378 953 se
1403 913 1485 955 asse-

222 1009 354 1059 ruerunt
370 1015 436 1058 non
453 996 570 1058 vidisse
586 1014 698 1079 ymmo
721 1014 787 1057 non
805 996 892 1056 venit
915 1015 1021 1077 neque
1046 997 1131 1059 misit
1148 998 1253 1079 ipsum
1269 997 1485 1079 juramentum

224 1102 455 1186 deponendum
478 1116 574 1184 prout
591 1102 650 1184 ipsi
668 1101 761 1183 jurati
786 1102 936 1164 concives
958 1103 1056 1165 nostri
1073 1103 1281 1186 corporaliter
1304 1104 1484 1183 juramento

224 1209 372 1292 deposito
396 1222 470 1271 sunt
492 1207 629 1271 confessi
655 1227 763 1269 coram
788 1207 882 1269 nobis
904 1208 935 1269 in
962 1221 1068 1270 nostra
1084 1209 1160 1272 sede
1184 1208 1351 1291 judiciaria
1376 1230 1484 1291 perso-

223 1314 339 1377 naliter
363 1314 507 1393 astando,
539 1314 667 1376 racione
699 1313 915 1395 quorumdam
946 1314 1003 1375 XL
1032 1313 1101 1376 flor.
1132 1314 1212 1394 auri,
1237 1314 1277 1377 de
1302 1315 1420 1396 quibus
1451 1335 1484 1377 se

222 1420 322 1482 nichil
345 1419 463 1483 babere
495 1421 665 1499 asserebat,
701 1419 863 1501 deponere
894 1419 1066 1498 debuisset,
1094 1439 1171 1502 ergo
1202 1420 1308 1502 ipsum
1331 1420 1483 1504 (h)ortum

220 1527 372 1610 perdidit.

328 1632 407 1694 ltem
432 1632 589 1694 Renarius
610 1645 719 1694 contra
736 1631 933 1693 Peterlinum
958 1651 1013 1713 per
1031 1631 1186 1693 Mathiam
1210 1645 1325 1693 octavo
1349 1631 1401 1694 die
1418 1646 1483 1695 ate·

222 1739 327 1818 stabit,
351 1738 439 1820 quod
464 1739 570 1820 ipsum
594 1737 681 1799 idem
706 1737 886 1799 Peterlinus
910 1737 1148 1819 vituperaverit.

326 1845 405 1907 ltem
439 1843 576 1906 Mathias
605 1843 757 1923 magistro
781 1842 939 1905 Janchech
964 1842 1127 1906 aurifabro
1145 1843 1177 1906 in
1209 1844 1382 1926 quindenis
1404 1844 1484 1906 duas

223 1972 345 2015 marcas
369 1951 575 2013 denariorum
599 1949 740 2011 exsolvet
764 1962 795 2011 et
817 1949 915 2031 judici
940 1950 1091 2012 mediam.

326 2076 404 2137 ltem
428 2093 522 2137 causa
555 2072 664 2137 Sibich
696 2087 727 2135 et
758 2068 935 2136 Clementis
966 2086 1111 2135 sutorum
1135 2086 1181 2136 est
1212 2094 1269 2156 per
1293 2076 1481 2158 magistrum

220 2181 364 2244 Francha
389 2179 585 2243 aurifabrum
610 2180 650 2242 ad
675 2179 787 2242 feriam
811 2179 941 2241 terciam
966 2193 1093 2262 recepta
1116 2180 1156 2241 ad
1181 2200 1304 2262 pacem.

325 2287 404 2349 ltem
428 2286 570 2368 Baptista
600 2299 710 2348 contra
734 2285 864 2346 Petrum
888 2285 1031 2347 secundo
1063 2285 1176 2346 citatus
1200 2305 1265 2347 non
1291 2288 1482 2368 comparuit.

325 2411 405 2473 ltem
430 2409 582 2472 Nicolaus
605 2408 796 2471 castellanus
827 2422 941 2471 octavo
965 2409 1016 2470 die
1048 2409 1194 2471 atestabit
1217 2429 1273 2491 per
1299 2410 1480 2472 Barnabam

218 2518 429 2596 sacerdotem,
463 2515 622 2578 Janchech
654 2530 685 2578 et
717 2515 852 2577 Paulum
887 2515 1048 2577 literatum
1072 2535 1168 2597 super
1191 2534 1240 2594 eo,
1260 2516 1349 2596 quod
1381 2530 1482 2579 mater

221 2623 358 2705 Jurglini
383 2636 511 2686 centum
528 2622 597 2685 flor.
622 2623 689 2683 auri
715 2622 774 2683 sibi
799 2621 1061 2683 testamentaliter
1085 2621 1271 2703 peripsum
1295 2622 1479 2703 Jurglinum

220 2730 353 2812 legatos,
377 2729 543 2792 Anthonio
569 2728 636 2790 filio
650 2728 746 2790 Blasii
772 2740 803 2789 et
826 2727 891 2788 suis
914 2727 1021 2809 pueris
1037 2739 1067 2787 et
1090 2746 1149 2808 pro
1173 2745 1228 2788 sua
1251 2727 1359 2788 anima
1383 2727 1479 2789 dimi·

218 2838 308 2900 sisset
331 2851 363 2900 et
386 2838 531 2919 legasset.

323 2960 402 3023 ltem
419 2959 595 3042 Gregorius
619 2971 733 3021 octavo
757 2958 809 3020 die
832 2956 978 3019 atestabit
1002 2975 1058 3038 per
1076 2955 1255 3017 Barnabam
1279 2956 1479 3019 sacerdotem

218 3080 249 3129 et
274 3066 452 3148 Georgium
478 3066 606 3127 racione
630 3064 804 3145 nonaginta
830 3062 1047 3126 denariorum.

324 3191 401 3252 ltem
426 3210 521 3252 causa
545 3189 672 3272 parlerii
697 3201 729 3250 et
745 3187 900 3250 Johannis
923 3186 1017 3269 jurati
1041 3199 1088 3248 est
1113 3205 1169 3267 per
1192 3184 1314 3266 judices
1339 3186 1379 3247 ad
1405 3201 1479 3248 octo

217 3296 286 3358 dies
309 3310 480 3378 prorogata
504 3296 563 3358 sub
587 3294 690 3357 forma
714 3293 819 3357 fiende
842 3294 939 3376 pacis.

322 3402 402 3464 ltem
426 3402 579 3464 Clemens
601 3414 690 3463 sutor
706 3413 815 3463 contra
838 3398 1022 3461 Ladislaum
1047 3398 1131 3460 tular
1147 3398 1252 3480 primo
1276 3397 1389 3460 citatus
1412 3418 1478 3460 non

216 3509 406 3592 comparuit.

322 3615 400 3677 ltem
432 3614 594 3676 lohannes
617 3614 715 3675 Vasas
739 3614 771 3674 in
800 3612 955 3695 premisso
974 3631 1032 3673 suo
1057 3611 1242 3673 testimonio
1273 3611 1418 3673 atestavit
1444 3624 1479 3672 ut

216 3720 329 3783 debuit
346 3722 388 3783 ita
412 3720 500 3802 quod
517 3720 722 3781 medietatem
740 3716 827 3780 fratri
850 3737 909 3780 suo
930 3717 1081 3779 donasset
1097 3730 1128 3779 et
1151 3717 1248 3779 aliam
1272 3717 1477 3779 medietatem

216 3824 281 3889 filie
305 3826 449 3909 legasset.

268 4077 363 4152 feria
392 4087 490 4152 sexta
518 4082 672 4169 proxima
702 4085 780 4151 ante
807 4079 930 4151 festum
959 4077 1191 4150 Converslouis
1219 4079 1308 4149 beati
1338 4077 1433 4149 Pauli

757 4203 910 4291 apostoli.

322 4390 430 4452 Primo
454 4410 571 4472 parvus
594 4388 763 4453 Chernech
788 4387 866 4451 feria
889 4389 985 4450 tercia
1010 4388 1157 4450 atestabit
1180 4408 1236 4470 per
1260 4388 1404 4449 Blasium
1428 4409 1477 4450 sa·

216 4496 377 4559 cerdotem
404 4496 443 4558 de
467 4495 567 4576 Odra,
593 4496 767 4559 Martinum
783 4493 885 4558 filium
909 4494 1012 4574 larch,
1028 4493 1230 4556 Anthonium
1255 4492 1356 4555 filium
1374 4494 1476 4556 Cursa

217 4601 257 4664 de
282 4601 462 4686 Lomnych,
486 4602 657 4665 Nicolaum
690 4602 729 4663 de
758 4600 865 4663 Mlaka
895 4619 1065 4684 supereo,
1098 4600 1186 4682 quod
1210 4599 1278 4683 ipse
1315 4600 1475 4682 quendam

216 4726 336 4790 equum
360 4728 377 4769 a
401 4708 464 4770 Vid
488 4710 605 4772 comite
629 4708 734 4791 campi
766 4707 982 4790 zagrabiensis
1012 4726 1071 4790 pro
1103 4706 1346 4788 quatuordecim
1371 4708 1478 4789 pensis

217 4814 459 4897 comparaverit.
