3472 5234
236 372 302 434 324
639 354 726 412 Anno
748 366 841 429 1390.
866 386 909 395 -
932 367 980 429 13.
1004 354 1092 414 maii.

340 566 418 628 item
443 563 558 647 Mykch
584 563 733 645 Magdicb
759 583 859 646 usque
877 562 1056 645 quindenas
1080 562 1245 645 quoddam
1268 576 1496 626 testamentum

234 672 363 734 rescribi
388 671 485 733 debet
508 685 539 731 et
563 671 702 732 eundem
727 685 836 732 contra
861 668 972 730 fratres
996 668 1145 731 exhibere
1169 669 1275 731 debet.
1322 725 1323 728 ,

340 776 418 838 item
454 775 590 837 Michael
626 775 832 857 Dampmiani
864 787 974 835 contra
1005 773 1108 836 Volek
1140 775 1246 857 primo
1289 775 1402 837 citatus
1433 793 1500 836 non

234 881 424 965 comparuit.

341 987 418 1051 Item
451 986 644 1049 Benedictus
675 1000 708 1048 et
735 986 883 1048 Vrbanus
920 1005 1022 1067 usque
1053 985 1233 1067 quindenas
1265 986 1369 1050 Volek
1402 1005 1501 1068 quos·

237 1094 311 1156 dam
336 1093 476 1156 florenos
498 1093 623 1156 solvere
647 1092 776 1157 debent.

342 1200 420 1262 item
452 1199 634 1282 Stephanus
665 1214 774 1261 contra
806 1198 970 1260 Thomam
1002 1199 1113 1282 Tepez
1144 1199 1250 1282 primo
1287 1200 1402 1262 citatus
1434 1219 1500 1262 non

236 1306 426 1389 comparuit.

343 1412 420 1475 item
455 1412 650 1473 Laurentius
680 1424 711 1474 et
735 1410 934 1491 Dragozlaus
964 1425 1078 1472 octavo
1104 1411 1156 1473 die
1188 1411 1306 1474 debent
1330 1410 1500 1474 testificare

239 1520 317 1603 quid
342 1520 447 1582 sciunt
471 1519 553 1581 inter
577 1518 771 1599 Gregorium
795 1517 950 1600 voyscbar
973 1531 1005 1579 et
1029 1518 1204 1580 Henricum
1230 1517 1411 1600 pellificem.

340 1626 420 1688 Item
445 1624 569 1687 Malecb
594 1639 704 1686 contra
729 1624 858 1685 Petrum
882 1623 1072 1685 secundario
1091 1624 1204 1686 citatus
1226 1643 1290 1685 non
1308 1624 1500 1706 comparuit.

340 1732 419 1794 Item
455 1731 616 1793 iohannes
651 1730 726 1792 Salk
770 1743 880 1792 contra
924 1730 1025 1792 Volek
1059 1729 1249 1791 secundario
1283 1730 1397 1792 citatus
1434 1747 1500 1791 non

236 1838 425 1921 comparuit.

344 1945 422 2007 item
446 1943 623 2024 Gregorius
647 1942 791 2004 Pondich
817 1955 848 2003 et
877 1942 989 2005 Petrus
1021 1943 1193 2023 Hungarus
1224 1955 1339 2005 octavo
1371 1943 1422 2004 die
1447 1943 1501 2004 de-

240 2052 316 2113 bent
340 2051 445 2112 dicere
473 2051 610 2132 qualiter
634 2048 808 2130 Gregorius
831 2046 987 2131 voyschar
1012 2069 1074 2110 una
1092 2068 1165 2110 cum
1179 2048 1316 2131 Mykech
1342 2049 1501 2132 Magdych

239 2158 320 2219 inter
342 2177 376 2220 se
400 2157 563 2217 racionem
587 2155 777 2238 posuissent.

345 2263 422 2324 item
447 2260 556 2324 Bartol
580 2274 695 2323 octavo
718 2261 770 2322 die
794 2273 904 2322 eontra
930 2260 1103 2322 Bedicham
1131 2259 1348 2342 respondebit.

343 2369 421 2432 item
446 2367 617 2431 Bartholus
640 2380 750 2429 contra
775 2367 989 2429 Laurencium
1013 2380 1128 2428 octavo
1152 2367 1202 2427 die
1227 2366 1446 2449 respondebit.

342 2476 420 2538 Item
443 2473 659 2557 Kopunouich
684 2486 793 2535 contra
817 2472 948 2535 Petrum
971 2473 1161 2535 secundario
1191 2473 1304 2535 citatus
1328 2492 1393 2535 non
1413 2493 1501 2536 com-

238 2582 354 2666 paruit.

345 2688 423 2750 item
442 2685 618 2768 Gregorius
641 2684 798 2769 voyschar
815 2699 924 2748 contra
950 2685 1144 2767 Gregorium
1168 2685 1285 2767 Angeli
1309 2699 1423 2748 octavo
1448 2685 1502 2748 die

236 2807 332 2858 testes
341 2793 518 2876 producere
528 2792 632 2871 debet,
643 2793 792 2854 videlicet
802 2810 810 2853 ε
821 2791 1020 2874 Stephanum
1033 2791 1156 2853 Malech
1171 2792 1340 2853 etPetrum
1356 2792 1501 2873 longum.

343 2900 420 2961 Item
446 2899 532 2960 idem
558 2898 733 2979 Gregorius
750 2899 865 2979 Angeli
883 2912 991 2960 contra
1017 2899 1156 2960 eundem
1182 2896 1377 2979 Gregorium
1396 2896 1498 2960 Geor·

236 3005 327 3087 gium
352 3005 510 3067 adducere
535 3005 640 3066 debet.

345 3112 422 3175 item
448 3112 593 3172 Thomas
623 3125 733 3173 contra
758 3111 914 3172 Jacobum
945 3111 1050 3193 primo
1074 3111 1188 3173 citatus
1220 3131 1284 3172 non
1311 3111 1501 3193 comparuit.

343 3219 421 3280 Item
446 3237 538 3279 causa
564 3215 663 3277 Remi
684 3230 792 3277 contra
818 3217 919 3278 Malas
936 3217 975 3277 ad
1001 3201 1111 3299 pacem
1137 3231 1183 3279 est
1206 3232 1343 3300 recepta.

344 3325 423 3386 Item
456 3322 639 3386 Anthonius
671 3323 802 3405 Jursych
843 3338 951 3386 contra
983 3324 1119 3386 Paulum
1152 3326 1256 3406 primo
1289 3325 1402 3386 citatus
1438 3343 1503 3385 non

239 3431 428 3513 comparuit.

348 3537 425 3598 Item
450 3555 543 3596 causa
569 3534 716 3615 Gregorii
734 3536 862 3598 sartoris
886 3534 928 3597 sic
946 3549 992 3597 est
1016 3536 1165 3616 judicata,
1190 3537 1277 3618 quod
1296 3537 1404 3599 nullus
1421 3535 1505 3598 aiter

242 3642 343 3703 homo
368 3643 468 3723 possit
500 3641 705 3703 medietatem
737 3643 901 3704 cuiusdam
936 3643 1028 3704 vinee
1061 3644 1261 3724 Margarethe
1291 3643 1435 3705 mulieris
1457 3643 1504 3725 pi-

240 3748 334 3828 gnori
360 3747 502 3829 recipere
519 3766 576 3808 nec
600 3767 784 3829 comparare
809 3749 868 3809 nisi
894 3748 1034 3831 prefatus
1052 3748 1235 3830 Gregorius.

349 3854 427 3914 Item
459 3854 547 3934 quod
579 3854 654 3935 quia
680 3854 831 3916 Clemens
863 3855 967 3916 dictus
992 3855 1100 3917 Huzar
1131 3869 1241 3916 contra
1273 3856 1401 3917 Petrum
1428 3874 1504 3917 con·

240 3959 342 4020 civem
376 3974 520 4020 nostrum
555 3959 706 4041 nepharia
739 3960 819 4022 facta
852 3963 1054 4043 perpetravit,
1081 3961 1153 4021 ideo
1186 3962 1289 4043 ipsum
1315 3977 1401 4023 extra
1428 3962 1503 4022 civi·

240 4078 336 4125 ratem
363 4065 497 4127 fecimus
521 4067 589 4128 cedi
620 4086 692 4128 cum
726 4067 847 4128 baculis
871 4081 965 4148 prout
997 4068 1044 4128 lex
1070 4067 1165 4127 huius
1196 4068 1332 4129 civitatis
1357 4068 1500 4149 requirit,

241 4184 272 4231 et
296 4171 383 4251 quod
411 4192 551 4253 unquam
577 4173 728 4255 deinceps
752 4174 783 4234 in
813 4173 972 4235 civitatem
998 4188 1137 4234 nostram
1163 4172 1257 4234 debet
1282 4173 1401 4234 venire.

353 4405 450 4481 Feria
478 4417 575 4481 sexta
604 4411 760 4498 proxima
788 4416 864 4498 post
893 4409 1015 4480 testum
1045 4408 1260 4482 ascensionis
1291 4411 1424 4482 domini.

782 4563 844 4639 (13.
868 4561 960 4629 nteit).

346 4700 424 4762 Item
451 4749 457 4762 .
484 4750 489 4762 .
517 4747 524 4760 .
550 4713 658 4761 contra
677 4700 892 4762 Brathkonem
918 4700 1022 4782 primo
1047 4700 1160 4761 citatus
1178 4720 1242 4762 non
1269 4701 1458 4784 comparuit.

346 4804 424 4866 item
450 4850 457 4865 .
483 4851 490 4865 .
517 4853 524 4866 .
549 4803 637 4865 faber
661 4820 770 4867 contra
797 4805 942 4887 Mathyas
970 4805 1075 4887 primo
1092 4807 1205 4868 citatus
1229 4826 1292 4868 non
1312 4806 1503 4890 comparuit.
