3472 5234
600 271 684 328 Anno
707 266 800 346 1383.
827 303 864 312 -
891 283 940 330 10.
966 272 1079 344 aprilis.
1418 289 1473 352 193

318 484 396 544 ltem
422 482 554 542 domina
579 481 688 542 relicta
714 481 813 561 Sorga
838 500 995 562 supereo
1019 480 1137 562 jurabit
1160 495 1274 543 octavo
1299 481 1361 560 die,
1386 481 1473 562 quod

215 590 283 672 ipsa
306 589 428 650 nullam
454 588 623 669 pecuniam
649 586 706 647 filii
723 586 771 647 sui
793 586 938 647 habuerit
955 601 1125 668 postquam
1148 588 1287 649 Brumen
1313 587 1474 669 quandam

212 696 440 757 arestacionem
466 693 601 754 fecisset.

320 802 397 863 Item
423 800 534 860 Petrus
551 798 634 860 filius
652 797 784 879 Georgii
803 796 880 859 feria
896 811 982 859 sexta
999 812 1072 880 post
1084 797 1200 860 festum
1225 798 1324 861 sancti
1342 799 1473 881 Georgii

211 922 325 987 quarto
350 927 382 966 se
406 926 501 987 super
525 925 563 965 eo
585 903 712 984 jurabit,
730 903 818 984 quod
843 905 909 985 ipse
927 903 1082 984 quasdam
1108 904 1214 966 literas
1238 905 1405 967 Anthonio
1422 926 1474 967 su·

213 1014 274 1074 tori
301 1033 365 1073 non
390 1013 510 1073 miserit
535 1031 592 1072 nec
625 1031 682 1093 per
713 1010 832 1072 factum
864 1031 958 1071 suum
991 1011 1057 1092 ipse
1083 1011 1266 1073 Anthonius
1298 1012 1475 1095 dampnum

212 1139 322 1200 passus
347 1117 450 1180 luerit.

320 1225 394 1286 Item
428 1244 521 1285 causa
555 1223 686 1283 domine
719 1222 873 1284 Endriole
905 1237 1013 1283 contra
1048 1223 1217 1285 Marenum
1248 1224 1288 1285 ad
1324 1239 1474 1287 octavum

212 1330 296 1390 diem
323 1330 362 1390 ad
388 1350 499 1412 pacem
524 1344 569 1391 est
592 1343 728 1410 recepta.

317 1435 394 1497 item
421 1435 567 1497 Thomas
598 1448 707 1496 contra
733 1436 891 1497 Briccium
923 1435 1107 1516 selliparum
1142 1456 1326 1520 comparere
1353 1438 1474 1500 debens

213 1541 244 1602 in
269 1541 390 1622 judicio
414 1562 479 1603 non
504 1543 693 1623 comparuit.

352 1779 447 1852 Feria
476 1791 574 1852 sexta
602 1783 756 1870 proxima
784 1788 861 1869 post
888 1780 1012 1851 festum
1037 1782 1127 1852 beati
1155 1778 1332 1854 Ambrosii.

740 1934 802 2009 (Io,
823 1932 947 2006 aprilis).

316 2072 394 2134 Item
430 2073 582 2136 Nicolaus
624 2088 734 2135 contra
771 2072 968 2155 Stephanum
1006 2074 1071 2134 llez
1111 2074 1216 2154 primo
1252 2076 1365 2137 citatus
1409 2097 1474 2138 non

214 2180 402 2261 comparuit.

316 2286 393 2347 ltem
420 2285 596 2367 Gregorius
619 2285 703 2346 lilius
728 2285 925 2348 Chudauech
943 2300 1052 2348 contra
1071 2288 1216 2351 Ceuetlro
1234 2291 1338 2371 primo
1363 2291 1474 2352 citatus

212 2413 276 2452 non
302 2394 488 2475 comparuit.

317 2497 394 2559 Item
413 2499 581 2560 Pertoldus
598 2512 711 2563 octavo
729 2499 780 2559 die
797 2520 853 2581 per
872 2501 1039 2562 Lucasium
1059 2515 1088 2563 et
1106 2502 1268 2562 Thomam
1287 2503 1473 2585 selliparum

210 2604 270 2664 hoc
296 2605 452 2683 atestabit‚
471 2605 558 2685 quod
584 2606 649 2686 ipsc
668 2625 730 2665 una
754 2625 828 2665 cum
845 2605 962 2686 Egidio
981 2620 1087 2668 sutore
1115 2606 1239 2668 fecisset
1256 2608 1472 2671 concordiam.

317 2710 395 2772 ltem
414 2712 566 2772 Nicolaus
590 2711 806 2792 carpentarius
823 2725 931 2773 contra
957 2713 1167 2774 Benedictum
1186 2712 1346 2774 Gallicum
1364 2714 1471 2796 primo

210 2817 323 2878 citatus
348 2836 413 2877 non
438 2817 626 2898 comparuit.

316 2922 395 2984 ltem
413 2923 564 2983 Herricus
580 2921 710 3004 pellifex
727 2936 835 2985 contra
854 2923 1033 2985 Johannem
1051 2939 1164 2985 octavo
1184 2923 1235 2985 die
1252 2925 1471 3006 respondebit.

316 3029 395 3090 Item
420 3029 581 3090 lohannes
607 3029 724 3090 Donati
748 3044 779 3091 et
804 3031 929 3090 Marcus
946 3028 1030 3091 lilius
1052 3030 1187 3113 Mykech
1213 3043 1323 3091 contra
1348 3031 1472 3092 Antho-

212 3137 300 3197 nium
328 3136 429 3197 lleniz
454 3150 568 3197 octavo
593 3137 643 3196 die
669 3136 919 3218 respondebunt.

316 3243 393 3304 ltcm
419 3256 514 3304 testes
538 3242 689 3324 (causam)
715 3242 873 3304 lanchech
902 3242 1053 3304 aurifabri
1086 3258 1195 3305 contra
1221 3243 1327 3304 Endre
1353 3242 1392 3304 ad
1418 3263 1471 3305 oc·

210 3363 319 3410 tavum
344 3349 428 3410 diem
454 3349 494 3410 ad
519 3369 630 3430 pacem
655 3363 852 3431 receperunt.

317 3454 394 3516 Item
419 3454 578 3536 Georgius
608 3457 705 3517 Loter
737 3470 767 3516 et
791 3456 942 3517 Herricus
966 3455 1096 3537 pellifex
1128 3469 1236 3518 contra
1270 3455 1471 3519 Anthonium

212 3562 344 3644 Jursych
369 3563 510 3623 secundo
534 3563 618 3624 citati
644 3583 707 3623 non
734 3577 991 3644 comparuerunt.

317 3668 392 3729 Item
417 3681 512 3731 testes
535 3669 687 3749 (causam)
714 3669 884 3752 Dragonya
908 3670 1024 3730 sutoris
1055 3683 1163 3731 contra
1197 3671 1357 3732 Briccium
1386 3672 1471 3733 selli-

211 3794 321 3855 parum
356 3775 395 3835 ad
420 3790 569 3836 octavum
594 3775 679 3836 diem
705 3775 744 3836 ad
768 3795 881 3856 pacem
905 3791 1100 3857 receperunt.

319 3881 395 3942 Item
420 3879 582 3942 lohannes
600 3881 744 3942 Smunda
762 3894 871 3942 contra
890 3881 1058 3943 Nicolaum
1078 3882 1180 3943 lilium
1199 3882 1350 3965 Stephani
1368 3883 1472 3964 primo

212 3986 325 4048 citatus
348 4007 413 4048 non
439 3987 628 4070 comparuit.

318 4095 395 4155 ltem
421 4094 601 4176 Stephanus
626 4108 656 4155 ct
681 4093 856 4175 Gregorius
873 4094 957 4155 filius
982 4095 1222 4178 Chudauchych
1247 4109 1354 4158 contra
1374 4097 1472 4158 llkam

211 4200 378 4262 mulierem
402 4202 544 4262 secundo
568 4201 653 4262 citati
679 4221 743 4262 non
769 4217 1025 4281 comparuerunt.

318 4307 393 4368 ltem
430 4307 509 4390 (per)
533 4321 628 4369 testes
651 4307 767 4388 (causa)
796 4307 913 4368 Mathie
933 4321 1041 4369 contra
1062 4308 1229 4370 Herricum
1254 4307 1294 4369 ad
1319 4321 1470 4370 octavum

211 4412 295 4474 diem
321 4414 360 4474 ad
385 4434 497 4495 pacem
521 4428 566 4476 est
591 4429 727 4497 recepta.

321 4520 397 4581 ltem
424 4521 550 4581 Marcus
566 4519 650 4582 filius
668 4519 790 4582 Gemez
807 4533 921 4581 octavo
945 4521 997 4580 die
1014 4540 1070 4602 per
1088 4519 1297 4580 benedictum
1315 4520 1470 4581 Bostandi

213 4638 243 4685 et
268 4625 476 4687 Benedictum
503 4626 621 4687 dictum
648 4626 748 4688 decan
766 4626 825 4687 hoc
850 4627 1006 4705 atestabit,
1024 4626 1110 4707 quod
1130 4626 1233 4707 ipsum
1253 4626 1366 4687 Valesa
1391 4627 1474 4689 vitu-

212 4747 360 4813 perasset.

1333 4842 1367 4903 ¹3
