3472 5234
235 337 333 451 aa

836 448 901 453 -—.
929 447 1057 454 ...η-

340 549 416 611 Item
442 549 625 611 Anthonius
650 550 752 612 Reniz
778 549 855 613 feria
879 552 975 613 tercia
1001 552 1144 633 proxima
1169 552 1287 633 jurabit
1310 567 1420 617 contra
1445 555 1498 617 Jo-

234 654 373 717 hannem
398 655 561 719 Chemerii
586 657 674 738 quod
699 656 766 739 ipse
791 677 849 739 pro
873 657 1016 739 quodam
1033 657 1219 741 faretriparo
1244 659 1303 721 sibi
1328 659 1497 723 fideiussor

236 782 301 826 non
326 777 503 826 exstitisset.

242 1015 339 1090 Ferla
367 1027 463 1091 sexta
492 1021 646 1109 proxima
674 1027 751 1109 post
779 1027 920 1092 octavas
949 1021 1025 1093 Iestl
1055 1020 1316 1111 Epiphaniarum
1345 1023 1478 1094 domini.

341 1188 449 1249 Primo
473 1189 626 1251 Nicolaus
649 1189 785 1251 condam
810 1187 906 1269 judex
931 1203 1039 1252 contra
1069 1190 1125 1252 Sib
1150 1191 1255 1273 primo
1286 1190 1399 1253 citatus
1430 1210 1496 1253 non

235 1294 426 1376 comparuit.

342 1401 420 1463 Item
437 1401 526 1483 quod
541 1400 739 1483 Margaretha
758 1401 873 1462 mulier
889 1402 1027 1464 condam
1045 1401 1204 1483 clavigera
1222 1401 1346 1464 domiui
1364 1401 1497 1484 Georgii

235 1507 409 1569 sacerdotis
433 1508 473 1568 de
506 1507 683 1590 Oporouch
715 1521 824 1570 contra
855 1507 974 1569 liberos
1005 1508 1131 1571 Nicolai
1163 1506 1315 1570 aurifabri
1340 1527 1433 1569 suum
1463 1521 1498 1571 ut

237 1611 348 1674 debuit
371 1633 404 1674 se
429 1627 514 1675 sexta
538 1632 611 1674 cum
636 1612 757 1674 civissis
787 1613 996 1696 solempniter
1020 1613 1157 1696 prestitit
1179 1613 1406 1692 juramentum.

340 1737 417 1799 Item
433 1737 593 1819 Georgius
617 1751 726 1800 contra
750 1737 930 1799 Iohannem
955 1737 1032 1799 feria
1056 1738 1153 1799 tercia
1176 1738 1393 1820 respondebit.

341 1844 419 1905 Item
444 1843 597 1906 MaIInich
621 1858 730 1906 contra
757 1843 863 1906 Mathe
888 1843 965 1905 feria
988 1844 1084 1906 tercia
1108 1843 1327 1925 respondebit.

343 1968 422 2030 Item
448 1967 608 2049 Georgius
632 1966 708 2029 feria
733 1968 830 2030 tercia
861 1987 917 2050 per
949 1967 1192 2046 Kultuuachich‚
1216 1967 1337 2029 Petheu
1361 1981 1391 2029 et
1416 1966 1494 2030 Gre-

232 2075 360 2155 gorium
377 2075 524 2136 atestabit
547 2094 642 2157 super
665 2093 715 2152 eu,
740 2074 828 2155 quod
853 2075 919 2156 ipse
938 2076 1048 2136 Marko
1074 2074 1195 2136 Gemez
1218 2094 1272 2136 sex
1296 2093 1417 2135 marcas
1441 2074 1495 2135 de·

236 2179 387 2242 disseret
412 2182 617 2263 assignasset;
645 2181 766 2242 ibidem
798 2181 945 2243 atestabit
978 2201 1034 2263 per
1059 2180 1205 2259 Mathias‚
1237 2180 1417 2242 Iohannem
1441 2179 1496 2242 de·

234 2305 350 2347 canum
375 2300 405 2348 et
430 2287 537 2350 Mathe
562 2301 714 2366 sutorem,
747 2287 930 2348 Dionisium
963 2302 994 2349 et
1017 2286 1181 2349 Thomam
1213 2287 1301 2369 quod
1327 2286 1431 2368 ipsum
1456 2286 1496 2348 de

235 2393 333 2455 domo
358 2395 550 2458 exclusisset.

339 2501 417 2563 Item
443 2503 554 2563 Petrus
577 2502 680 2563 dictus
703 2501 803 2562 decan
827 2513 936 2561 contra
960 2500 1109 2560 Markum
1135 2498 1256 2561 Gemez
1279 2498 1421 2561 secundo
1451 2499 1496 2560 ci·

233 2621 317 2670 tatus
341 2628 405 2670 non
430 2609 619 2691 comparuit.

339 2733 416 2794 Item
442 2734 603 2795 Iohannes
627 2734 775 2814 Ztoyuulr
800 2730 877 2793 Ieria
902 2731 998 2792 tercia
1023 2729 1240 2812 respondebit.

340 2839 418 2900 Item
443 2859 536 2902 causa
561 2838 718 2921 Chaplich
743 2852 773 2899 et
801 2836 937 2919 Mykech
964 2837 1079 2918 Magde
1111 2848 1157 2898 est
1180 2854 1237 2918 per
1260 2848 1354 2897 testes
1385 2834 1426 2897 ad
1451 2832 1495 2896 le·

234 2945 311 3006 riam
337 2946 467 3007 terciam
493 2960 618 3027 recepta
643 2945 683 3005 ad
707 2964 829 3026 pacem.

340 3052 417 3113 Item
442 3072 534 3113 causa
560 3051 740 3128 Laurencii,
766 3050 875 3112 Jacobi
893 3064 923 3111 et
941 3047 1073 3128 Georgii
1091 3047 1269 3129 juratorum
1294 3060 1404 3109 contra
1421 3047 1496 3107 Per-

233 3157 359 3218 toldum
383 3172 430 3218 est
454 3177 510 3238 per
535 3158 701 3218 Marenum
729 3170 759 3217 et
784 3156 982 3239 Mychaelem
1012 3156 1051 3216 ad
1076 3154 1188 3217 leriam
1213 3153 1343 3215 terciam
1368 3165 1495 3236 recepta

234 3263 274 3324 ad
298 3282 421 3345 pacem.

340 3369 416 3429 Item
442 3386 535 3429 causa
559 3367 684 3428 Nicolai
709 3379 739 3427 et
762 3367 839 3428 Iuan
872 3367 1034 3428 Huzareni
1067 3381 1112 3428 est
1136 3386 1192 3448 per
1224 3367 1423 3449 Stephanum
1454 3365 1494 3426 ad

234 3473 347 3535 leriam
372 3474 501 3535 terciam
527 3487 652 3555 recepta
677 3472 717 3534 ad
741 3493 863 3555 pacem.

340 3598 417 3659 Item
442 3597 587 3658 Andreas
612 3597 667 3658 Sib
691 3609 802 3658 contra
826 3597 1019 3679 Dyonisium
1043 3598 1148 3679 prirno
1180 3597 1293 3658 citatus
1316 3615 1382 3657 non
1407 3614 1494 3657 com·

235 3704 349 3784 paruit.
882 3693 886 3700 ’

341 3809 418 3871 Item
445 3807 537 3870 Cilus
561 3822 669 3871 contra
696 3808 831 3871 Cursam
856 3810 998 3871 secundo
1023 3810 1136 3871 citatus
1172 3828 1237 3870 non
1263 3806 1451 3890 comparuit.

342 3915 419 3977 Item
445 3915 598 3977 Nicolaus
623 3915 813 3977 castellanus
847 3930 955 3977 contra
988 3915 1187 3977 Anthonium
1220 3913 1358 3975 Zitarich
1391 3912 1496 3995 primo

234 4023 348 4084 citatus
376 4041 441 4082 non
466 4022 653 4103 comparuit.

340 4145 418 4206 Item
451 4145 612 4207 lohannes
636 4159 745 4208 contra
771 4145 982 4208 Benedictum
1001 4144 1191 4226 Mosnarych
1215 4141 1357 4205 secundo
1381 4141 1495 4203 citatus

235 4272 299 4313 non
325 4252 514 4334 comparuit.

340 4376 418 4438 Item
447 4376 627 4457 Stephanus
652 4389 761 4437 contra
784 4374 1003 4436 Alexandrum
1028 4388 1141 4435 octavo
1166 4374 1219 4435 die
1250 4391 1284 4433 se
1307 4372 1423 4433 tercius
1447 4371 1495 4452 ju·

235 4482 315 4543 rabit
340 4481 370 4542 in
397 4502 446 4561 eo,
471 4482 559 4564 quod
585 4482 652 4563 ipse
676 4483 715 4543 ab
740 4481 810 4564 ipso
842 4497 904 4544 tres
929 4501 1049 4542 marcas
1081 4499 1147 4541 non
1179 4478 1348 4554 iuraverit3
1374 4476 1494 4539 ibidem

234 4587 323 4648 solus
347 4588 464 4669 jurabit
488 4589 576 4670 quod
601 4588 667 4670 ipse
691 4588 751 4648 sibi
776 4607 896 4669 equum
920 4607 985 4650 non
1010 4587 1240 4650 acomodasset.

340 4694 417 4756 Item
449 4715 543 4757 causa
576 4693 712 4756 Mathias
744 4709 774 4755 et
798 4694 971 4756 Alexandri
1005 4707 1050 4756 est
1077 4713 1133 4776 per
1165 4692 1287 4774 judices
1318 4689 1357 4753 ad
1383 4686 1495 4750 leriam

234 4797 366 4862 terciam
390 4814 572 4885 prorogata.
