3472 5234
607 372 692 429 Anno
715 369 806 448 1387.
832 405 871 415 —
900 386 952 447 29.
976 374 1103 434 octobris.
1431 392 1493 455 279

334 582 412 643 Item
438 581 589 665 PeterIyn
614 596 723 643 contra
756 581 924 644 dominum
958 582 1220 645 archidiaconum
1244 584 1349 666 prImo
1382 584 1494 646 citatus

230 708 295 750 non
320 689 510 771 comparuit.

335 796 413 858 Item
439 794 542 876 CIgan
569 808 678 857 contra
705 796 874 858 mulierem
900 796 1033 858 Luciam
1050 799 1156 880 primo
1180 799 1293 860 citatus
1317 818 1383 861 non
1408 819 1492 861 cotn-

228 904 344 986 paruit.

334 1009 411 1071 Item
437 1009 548 1072 Guran
572 1022 683 1071 contra
707 1009 855 1071 Nicolam
880 1010 985 1093 primo
1009 1011 1123 1072 citatus
1146 1031 1212 1073 non
1236 1013 1425 1095 comparuit.

332 1116 410 1178 Item
435 1116 587 1178 Herticus
610 1129 724 1178 octavo
749 1116 800 1177 die
825 1131 935 1179 contra
961 1118 1047 1201 Span
1071 1118 1288 1201 respondebit.

333 1222 412 1284 Item
447 1221 579 1305 Gyuran
604 1235 714 1284 contra
739 1224 868 1285 Petrum
893 1226 998 1307 primo
1023 1225 1136 1287 citatus
1160 1245 1225 1287 non
1251 1226 1440 1308 comparuit.

335 1328 412 1390 Item
438 1328 601 1391 Iohannes
637 1341 747 1391 contra
780 1328 937 1410 Gurgiam
969 1331 1137 1393 mulierem
1169 1346 1283 1394 octavo
1316 1333 1366 1394 die
1398 1346 1493 1395 testes

227 1435 403 1519 producere
429 1434 533 1497 debet.

335 1543 413 1603 Item
438 1541 640 1622 Margaretha
658 1542 775 1604 mulier
795 1555 910 1604 octavo
935 1542 987 1605 die
1003 1543 1101 1605 tercio
1125 1565 1158 1606 se
1182 1564 1277 1628 super
1301 1565 1340 1607 eo
1363 1544 1491 1625 jurabit,

229 1647 318 1730 quod
343 1649 410 1731 ipsa
435 1648 598 1730 quandam
623 1661 728 1710 cutem
753 1668 819 1710 non
843 1650 1057 1711 subtraxisset.

242 1869 339 1944 Feria
368 1874 474 1945 tercIa
503 1875 658 1962 proxima
686 1887 763 1962 post
790 1872 916 1944 festum
943 1872 1119 1944 beatomm
1146 1872 1290 1944 Simonis
1319 1880 1353 1944 et
1379 1874 1466 1964 Jute

738 1998 977 2086 apostolorum.

743 2153 806 2227 (29.
830 2151 971 2226 octobris).

332 2291 409 2353 Item
434 2291 545 2352 Petrus
578 2291 677 2352 decan
710 2305 819 2353 contra
844 2291 920 2353 Ivan
952 2291 1142 2353 secundario
1174 2292 1288 2354 citatus
1312 2311 1377 2353 non
1402 2313 1490 2355 com·

226 2399 342 2479 paruit.

333 2504 410 2565 Item
443 2523 536 2565 causa
570 2502 742 2585 Gyurgech
779 2517 888 2564 contra
921 2504 994 2564 Ivan
1028 2518 1059 2565 et
1094 2504 1295 2566 Anthonium
1327 2506 1490 2568 literatum

226 2611 400 2691 Ozmonog
424 2610 464 2671 ad
490 2622 563 2671 octo
588 2609 656 2672 dies
679 2609 720 2671 ad
745 2629 856 2690 pacem
881 2622 927 2670 est
952 2624 1087 2691 recepta.

333 2719 411 2780 Item
434 2716 581 2779 Thomas
604 2716 777 2778 WIkanich
811 2730 920 2778 contra
946 2715 1141 2797 Gregorium
1175 2716 1355 2799 voy(s)char
1385 2718 1490 2800 prImo

226 2825 339 2887 citatus
365 2843 430 2884 non
455 2823 644 2904 comparuit.

331 2930 407 2992 Item
433 2929 558 2991 Blasich
581 2941 691 2990 contra
707 2928 873 2990 Vrbanum
898 2929 1003 3011 prImo
1027 2929 1140 2992 citatus
1165 2949 1229 2991 non
1254 2930 1444 3012 comparuit.

332 3037 410 3097 Item
435 3055 528 3097 causa
554 3035 654 3097 Marci
679 3033 853 3096 BlanchIch
877 3049 986 3097 contra
1016 3036 1163 3119 Peterlyn
1188 3037 1228 3097 ad
1253 3050 1326 3098 octo
1351 3036 1419 3099 dies
1437 3034 1489 3099 'est

224 3155 405 3226 prorogata.

332 3249 410 3311 Item
445 3267 538 3309 causa
570 3247 696 3309 NicoIai
729 3262 838 3310 contra
872 3247 1005 3332 Gyuran
1038 3246 1180 3311 ad‘octo
1212 3249 1281 3311 dies
1304 3249 1344 3311 ad
1376 3270 1488 3333 pacem

224 3371 271 3419 est
294 3356 409 3439 posita.

331 3463 408 3524 Item
434 3461 542 3522 relicta
567 3460 642 3521 Ivan
667 3474 776 3522 contra
800 3460 915 3543 Vyden
939 3461 1044 3543 primo
1074 3462 1167 3525 citata
1200 3482 1265 3525 non
1297 3464 1487 3548 comparuit.

333 3571 411 3631 Item
436 3569 548 3631 Simon
574 3580 688 3629 octavo
713 3567 764 3629 die
789 3568 888 3630 tercio
912 3589 945 3629 se
969 3587 1064 3650 super
1096 3588 1134 3631 eo
1159 3569 1286 3650 jurabit,
1311 3570 1399 3651 quod
1425 3570 1485 3632 Mi·

222 3679 329 3741 cusius
354 3677 492 3739 condam
518 3674 614 3756 judex
638 3673 754 3736 Jofano
778 3694 836 3758 pro
865 3688 937 3738 octo
970 3676 1084 3737 marcis
1115 3676 1241 3738 debitor
1266 3696 1330 3738 non
1365 3675 1486 3739 fuisset.

331 3785 408 3847 Item
433 3803 528 3845 causa
552 3781 681 3843 Thorne
712 3795 820 3843 contra
845 3782 1046 3844 Anthonium
1070 3782 1110 3843 ad
1142 3802 1254 3864 pacem
1279 3797 1325 3844 est
1349 3798 1486 3866 recepta.

329 3890 406 3951 Item
431 3909 524 3951 causa
542 3888 690 3970 AgustIni
716 3902 825 3950 contra
850 3887 1029 3970 Georgium
1052 3902 1193 3951 sutorem
1219 3889 1384 3972 usquead
1409 3911 1485 3953 ven-

223 4010 290 4057 tum
315 3995 485 4057 domiuum
503 3993 694 4057 Michaelem
712 3993 947 4075 suffraganeum
961 4011 1008 4058 est
1024 4013 1206 4079 prorogata,
1230 3997 1392 4057 racionem
1410 4015 1484 4058 cum

223 4101 292 4184 ipso
317 4121 437 4182 ponere
461 4121 556 4182 super
580 4100 723 4182 quodam
747 4101 834 4162 vino.

329 4207 407 4269 Item
432 4209 519 4268 Kusa
545 4207 661 4269 mulier
685 4220 794 4268 contra
820 4206 1053 4288 Margaretham
1079 4220 1193 4268 octavo
1217 4207 1268 4269 die
1293 4221 1389 4270 testes
1412 4228 1484 4290 pro·

222 4314 338 4376 ducere
363 4313 468 4375 debet.

326 4420 403 4481 Item
430 4420 561 4502 Gyuran
586 4433 695 4481 contra
720 4419 850 4482 Petrum
880 4420 1022 4481 secundo
1059 4421 1171 4482 citatus
1201 4441 1266 4482 non
1292 4423 1484 4505 comparuit.

327 4526 403 4587 Item
440 4525 593 4588 Scitarich
630 4539 739 4588 contra
777 4526 905 4588 Petrum
940 4526 1078 4606 juratum
1119 4528 1224 4609 primo
1267 4528 1380 4589 citatus
1415 4548 1481 4590 non

221 4632 410 4715 comparuit.

326 4738 404 4800 Item
429 4738 517 4819 quod
542 4738 617 4819 quia
641 4739 750 4800 multis
772 4740 972 4822 temporibus
995 4740 1158 4801 retroactis
1182 4738 1293 4803 iratres
1317 4741 1481 4803 Heremite

219 4858 329 4907 contra
354 4844 520 4906 dominam
545 4844 747 4907 Franciacam
771 4864 867 4928 super
890 4845 1032 4927 quodam
1057 4860 1247 4909 testamento
1271 4848 1360 4910 litem
1385 4847 1482 4909 habe·
