3472 5234
234 353 296 414 242
635 329 832 409 Ann01385.
856 367 900 375 —
916 347 974 409 30.
990 333 1083 408 junii.

338 546 418 608 Item
446 545 562 607 mulier
590 544 735 607 Ceuetna
763 565 819 627 per
846 543 1059 606 Janchecham
1086 558 1116 605 et
1141 543 1319 605 Barucham
1336 544 1498 623 mulieres,

234 651 311 713 dum
338 652 404 734 ipse
429 651 580 712 mulieres
604 650 642 711 de
661 648 785 712 Galicia
809 650 944 712 domum
960 649 1117 728 venerint,
1142 647 1203 711 hoc
1226 650 1384 727 atestabit,
1408 651 1496 733 quod

233 758 301 840 ipsa
325 757 483 838 quosdam
507 756 664 818 sotulares
687 775 752 818 non
776 756 990 819 subtraxisset.

339 864 417 925 Item
440 863 521 924 Kata
546 862 662 924 mulier
685 881 815 924 consors
839 862 959 923 Vrbani
984 875 1097 924 octavo
1122 862 1174 924 die
1198 882 1294 944 super
1318 883 1356 925 eo
1381 864 1498 945 jurabit

240 983 395 1051 quantum
420 988 482 1030 una
507 988 630 1050 zapona
654 988 711 1030 sua
734 969 828 1030 valet.

341 1074 419 1138 Item
444 1074 590 1137 Thomas
613 1074 712 1136 tercio
736 1093 769 1135 se
788 1088 901 1134 octavo
926 1072 978 1133 die
995 1092 1090 1155 super
1116 1094 1155 1135 eo
1172 1073 1299 1154 jurabit,
1325 1074 1413 1156 quod
1431 1075 1498 1158 ipse

236 1182 410 1245 adomina
436 1180 552 1242 iwania
578 1200 613 1242 ac
637 1200 696 1241 suo
729 1178 860 1241 homine
885 1178 1025 1240 sedecim
1057 1199 1171 1260 pensas
1202 1179 1408 1242 denariorum
1432 1200 1497 1243 non

237 1289 417 1371 recepisset,
441 1306 547 1369 neque
571 1305 646 1349 cum
670 1286 790 1348 eisdem
816 1285 942 1346 debitor
969 1283 1074 1347 fuerit.

343 1412 422 1473 item
447 1411 609 1473 Johannes
632 1409 717 1471 filius
741 1409 859 1471 Donati
878 1420 987 1470 contra
1011 1408 1150 1489 judicem
1174 1409 1279 1491 primo
1303 1411 1417 1473 citatus
1433 1430 1499 1472 non

235 1539 306 1583 com
332 1519 425 1580 aruit.

309 1539 418 1687 pItem
451 1624 589 1686 Jacobus
623 1624 728 1684 taskar
763 1635 872 1684 contra
909 1621 1076 1682 Marenum
1113 1621 1255 1683 secundo
1287 1622 1400 1684 citatus
1433 1642 1498 1685 non

235 1730 423 1813 comparuit.

340 1836 419 1898 ltem
443 1834 596 1897 Nicolaus
620 1834 836 1916 carpentarius
868 1848 977 1895 contra
1002 1832 1182 1895 Johannem
1208 1833 1351 1895 secundo
1383 1834 1496 1896 citatus

237 1962 303 2003 non
328 1941 517 2022 comparuit.

341 2063 420 2126 item
443 2062 629 2125 Anthonius
651 2061 772 2144 juratus
796 2075 910 2124 octavo
934 2062 987 2123 die
1011 2081 1067 2144 per
1091 2062 1272 2124 Johannem
1296 2063 1404 2141 Liber,
1429 2064 1498 2126 Ste-

237 2168 382 2251 phanum
413 2168 549 2230 condam
581 2167 721 2248 juratum
745 2180 776 2228 et
807 2167 987 2229 Barnabam
1018 2166 1215 2229 sacerdotem
1248 2166 1309 2230 hoc
1341 2168 1498 2246 atestabit‚

233 2273 321 2355 quod
346 2273 451 2355 ipsum
475 2273 609 2356 Jurglyn
633 2274 763 2355 piliator
786 2273 1005 2355 vituperasset.

265 2507 360 2582 Faria
388 2517 487 2581 sexta
515 2513 670 2599 proxima
698 2518 775 2599 post
806 2509 929 2580 festum
958 2510 1156 2582 Nativitatis
1185 2510 1274 2580 beati
1304 2509 1471 2599 johannis

779 2633 943 2722 Baptista.

763 2805 827 2880 (30.
849 2804 957 2878 junii).

268 2965 272 2971 ’
341 2959 419 3020 Item
442 2959 587 3021 Thomas
611 2959 749 3022 condam
777 2960 897 3040 juratus
921 2974 952 3020 et
975 2979 1031 3021 sua
1062 2960 1177 3021 ancilla
1202 2973 1313 3021 contra
1341 2959 1496 3021 Mathiam

233 3080 347 3128 octavo
373 3064 423 3125 dic
446 3064 696 3147 respondebunt.

338 3170 415 3231 Item
448 3171 623 3251 Agustinus
666 3169 813 3231 sacerdos
856 3184 965 3231 contra
1000 3170 1164 3232 Thoma'm
1200 3184 1314 3232 octavo
1355 3169 1407 3231 die
1449 3189 1497 3230 re-

233 3275 415 3356 spondebit.

340 3381 416 3441 item
432 3379 592 3441 Janchech
605 3379 764 3442 aurifaber
777 3401 833 3463 per
847 3380 1023 3462 Georgium
1041 3383 1281 3444 stachunarium
1296 3395 1326 3444 et
1343 3381 1496 3444 Cosmam

234 3485 429 3547 aurifabrum
445 3499 559 3548 octavo
573 3485 623 3547 die
635 3486 695 3548 hoc
710 3488 867 3564 atestabit,
881 3488 968 3569 quod
983 3490 1088 3570 ipsum
1103 3488 1256 3550 Scitarich
1274 3489 1495 3571 vituperasset.

340 3609 418 3671 Item
443 3610 605 3672 Johannes
636 3610 721 3672 filius
745 3611 862 3673 Donati
895 3626 1005 3674 contra
1035 3612 1176 3692 judicem
1209 3613 1350 3674 secundo
1383 3614 1497 3674 citatus

232 3735 298 3776 non
324 3717 511 3798 comparuit,
1206 3722 1210 3732 '

338 3822 416 3884 Item
441 3821 526 3883 idem
552 3822 714 3883 Johannes
744 3837 853 3885 contra
878 3824 1050 3885 Nicolaum
1082 3824 1220 3904 juratum
1245 3825 1349 3905 primo
1383 3825 1496 3886 citatus

234 3947 298 3988 non
324 3929 512 4008 comparuit.

340 4033 417 4094 item
432 4034 535 4094 Iwana
555 4033 672 4095 mulier
688 4047 797 4096 contra
810 4033 974 4096 Andream
991 4036 1095 4117 primo
1113 4035 1206 4096 citata
1224 4055 1288 4096 non
1306 4036 1495 4116 comparuit.

337 4138 416 4199 item
448 4138 581 4222 Gyanus
614 4139 766 4222 Hudolep
798 4154 907 4201 contra
937 4140 1114 4221 Georgium
1146 4142 1251 4222 primo
1283 4141 1396 4203 citatus
1431 4161 1496 4203 non

234 4245 425 4325 comparuit.

338 4348 415 4409 Item
446 4349 567 4431 Symon
600 4350 685 4412 filius
716 4350 907 4433 Chepernya
932 4366 1040 4413 contra
1074 4353 1178 4434 Kemp
1211 4354 1353 4415 secundo
1382 4355 1495 4416 citatus

233 4474 298 4517 non
324 4457 513 4537 comparuit.

337 4559 415 4620 Item
432 4580 525 4621 causa
551 4562 633 4622 Rees
650 4576 760 4623 contra
782 4562 898 4623 Worih
923 4576 954 4624 et
971 4563 1153 4645 Myklinum
1177 4565 1217 4625 ad
1242 4579 1390 4627 octavum
1408 4566 1495 4628 diem

233 4664 274 4725 ad
298 4684 411 4746 pacem
435 4680 481 4727 est
505 4680 641 4748 recepta.

340 4769 416 4832 ltem
436 4773 586 4834 Mareuus
602 4771 722 4852 juratus
739 4787 848 4834 contra
866 4772 1059 4856 Gregorium
1077 4789 1192 4838 octavo
1206 4776 1258 4838 die
1276 4777 1493 4858 respondebit.
