3472 5234
657 339 744 396 Anno
763 334 857 412 1389.
883 371 921 382 -
947 335 997 397 16.
1021 338 1148 399 octobn's.
1481 358 1542 419 309

279 548 424 628 Hungari
451 549 597 610 terciario
623 549 839 630 proclamatus
862 548 903 609 ad
927 547 1086 628 justiciam
1104 567 1169 608 non
1194 548 1292 627 venit,
1317 564 1348 610 et
1372 548 1446 610 ideo
1472 549 1542 610 ubi·

277 672 403 735 cunque
429 655 460 714 in
485 654 603 715 tenutis
627 654 763 715 civitatis
786 653 935 736 (inveniri
960 652 1089 735 poterit)
1114 653 1153 715 de
1178 653 1248 734 ipso
1275 653 1415 715 vindicta
1432 672 1543 736 sump-

279 773 385 820 matur
408 758 493 840 juxta
518 759 783 822 consvetudinem
807 758 953 822 civitatis.

386 864 464 925 Item
497 865 585 947 quod
617 865 692 946 quia
725 864 811 927 cives
843 864 882 926 de
916 863 1038 926 Clricha
1070 879 1202 948 propter
1233 864 1352 927 factum
1377 864 1542 927 cuiusdam

279 969 394 1032 Kouch
420 985 545 1032 nostros
568 970 717 1033 concives
741 971 822 1032 inter
846 991 879 1031 se
903 983 1132 1034 arestaverunt.

381 1094 457 1156 Item
483 1113 539 1176 per
556 1093 698 1175 judicem
723 1108 754 1155 et
777 1093 897 1175 juratos
913 1114 1007 1156 causa
1024 1094 1149 1157 Nicolai
1168 1094 1315 1158 Delasich
1335 1109 1366 1157 et
1383 1095 1540 1157 Johannis

276 1200 424 1283 Grachyn
450 1201 494 1261 sic
519 1214 565 1262 est
590 1200 739 1281 judicata,
773 1200 861 1281 quod
885 1200 961 1282 quia
993 1201 1078 1262 cives
1102 1201 1141 1263 de
1169 1199 1290 1263 Chicha
1323 1202 1440 1263 nostris
1462 1221 1538 1262 con·

275 1307 399 1367 civibus
423 1319 551 1388 propter
580 1304 698 1367 facturn
730 1304 896 1367 cuiusdam
921 1304 1035 1367 Kouch
1057 1325 1106 1367 res
1138 1306 1281 1388 ipsorum
1305 1319 1536 1385 arestaverunt,

277 1412 351 1472 ideo
376 1411 489 1493 prefati
514 1412 667 1473 Nicolaus
691 1425 721 1473 et
745 1411 907 1474 lohannes
932 1410 1059 1495 Gracyn
1083 1411 1176 1474 dictis
1204 1412 1327 1473 civibus
1351 1412 1390 1473 de
1415 1411 1538 1474 Chicha

275 1518 509 1599 quinquaginta
527 1531 589 1580 tres
606 1517 675 1579 flor.
693 1516 849 1597 equaliter
865 1517 990 1578 solvere
1007 1517 1162 1594 debeant;
1181 1530 1212 1578 et
1227 1530 1338 1599 postea
1351 1518 1538 1599 quicunque

275 1644 313 1685 ex
346 1624 513 1687 Tetonicis
544 1624 605 1686 huc
629 1625 752 1686 venerit
784 1624 834 1685 vel
866 1644 903 1684 ex
936 1624 1012 1707 ipsis
1037 1624 1069 1684 in
1104 1623 1222 1685 tenutis
1253 1624 1369 1686 nostris
1401 1625 1541 1707 reperire

275 1750 455 1812 possumus,
486 1741 601 1792 extunc
631 1730 733 1791 dictos
764 1729 834 1793 flor.
866 1749 961 1812 super
993 1729 1132 1791 eundem
1166 1729 1359 1812 recipiemus
1390 1741 1422 1791 et
1449 1730 1541 1792 dictis

275 1836 410 1897 Nicolao
435 1849 466 1898 ct
490 1836 627 1897 Johanni
661 1835 890 1918 persolvemus,
923 1850 954 1896 et
978 1836 1085 1896 nullus
1119 1855 1157 1896 ex
1180 1835 1304 1897 civibus
1336 1835 1412 1916 ipsis
1436 1836 1537 1899 Teto·

275 1941 377 2024 ni(ci)s
394 1955 515 2025 partem
541 1940 649 2004 lovere
674 1942 807 2017 debeat;
833 1943 900 2023 ipse
924 1941 1010 2002 enim
1032 1940 1194 2004 lohannes
1217 1942 1318 2022 ipsam
1343 1960 1471 2003 causam
1496 1940 1536 2002 ad

274 2048 425 2129 antiquos
448 2047 571 2130 judices
594 2047 779 2130 appellavit,
796 2047 851 2129 qui
877 2047 962 2108 enim
981 2059 1103 2129 partem
1129 2047 1205 2130 ipsis
1229 2047 1397 2110 Tetonicis
1413 2061 1535 2130 partem

274 2152 395 2215 foveret
420 2168 534 2216 extunc
558 2154 629 2215 talis
652 2166 755 2214 totum
780 2153 957 2235 dampnum
981 2153 1124 2235 ipsorum
1149 2155 1363 2236 subportatur.

378 2260 456 2321 Item
480 2260 568 2342 quod
593 2260 669 2341 quia
692 2258 880 2340 jobagiones
900 2259 1000 2321 nostri
1024 2258 1064 2320 de
1082 2260 1254 2321 Petrouina
1271 2273 1303 2322 et
1326 2260 1366 2321 de
1392 2260 1534 2323 Hrascha

273 2367 465 2428 multociens
496 2367 581 2427 cives
612 2379 738 2427 nostros
770 2366 976 2448 inpulsabant
1008 2385 1103 2448 super
1135 2366 1228 2427 dacio
1260 2366 1412 2429 videlicet
1442 2367 1538 2428 unius

273 2492 378 2534 marce
402 2487 433 2536 et
457 2492 522 2534 uno
547 2493 640 2534 curru
673 2472 712 2532 de
746 2471 830 2551 leno,
862 2471 950 2553 quod
983 2472 1093 2532 comiti
1127 2472 1262 2553 singulis
1295 2472 1387 2533 annis
1411 2472 1535 2533 solvere

273 2577 444 2658 debebant,
470 2578 543 2640 idco
568 2580 599 2640 in
623 2579 764 2659 generali
791 2591 900 2640 nostro
933 2578 1070 2639 consilio
1102 2577 1310 2641 decernentes
1334 2578 1538 2640 decrevimus

273 2698 304 2747 et
340 2685 571 2764 commisimus,
606 2698 639 2746 ut
673 2682 785 2766 prefati
821 2683 1011 2764 jobagiones
1042 2683 1081 2743 de
1113 2682 1197 2744 dicta
1230 2683 1402 2746 Petrouina
1434 2697 1465 2745 et
1497 2684 1537 2745 de

275 2790 417 2851 Hrascha
442 2791 577 2872 singulis
601 2790 694 2852 annis
718 2804 824 2851 nostre
841 2788 1065 2850 communitati
1082 2788 1220 2870 quilibet
1243 2809 1355 2851 eorum
1381 2809 1446 2852 non
1463 2790 1537 2872 plus

273 2897 331 2958 nisi
350 2917 450 2958 unum
469 2896 537 2960 flor.
555 2897 623 2958 auri
640 2896 765 2958 solvere
781 2908 938 2974 teneatur,
956 2894 1130 2977 predictam
1149 2908 1256 2956 autem
1280 2915 1377 2957 unam
1395 2915 1535 2957 marcam

271 3003 477 3065 denariorum
502 3016 533 3065 et
557 3001 667 3065 fenum
691 3002 813 3065 eisdem
837 3001 1026 3065 relaxamus.

401 3240 557 3325 Sabbatu,
585 3240 741 3312 videlicet
770 3243 802 3311 in
831 3241 918 3314 festo
947 3241 1036 3312 beati
1066 3239 1151 3312 Galli
1181 3240 1396 3312 confessoris.

785 3391 848 3470 (16.
871 3395 1012 3469 octobris).

377 3534 453 3594 ltem
475 3554 531 3616 per
555 3534 705 3616 antiquos
722 3533 843 3615 judices
867 3553 961 3596 causa
979 3533 1133 3596 Johannis
1150 3535 1238 3616 parvi
1263 3546 1294 3596 et
1318 3533 1415 3595 Marci
1442 3532 1532 3595 Gmi·

269 3638 383 3700 zouich
394 3640 438 3701 sic
456 3655 501 3700 est
512 3640 660 3718 judicata,
674 3640 762 3722 quod
776 3640 862 3702 idem
879 3640 1040 3701 lohannes
1054 3660 1169 3721 parvus
1186 3654 1300 3701 octavo
1315 3640 1366 3702 die
1380 3658 1475 3722 super
1492 3660 1531 3701 eo

269 3747 386 3825 jurabit
409 3760 443 3807 ut
467 3745 608 3828 prefatus
633 3748 740 3808 Marco
765 3747 804 3808 de
825 3746 1036 3829 quadraginta
1062 3746 1130 3809 flor.
1156 3746 1235 3824 auri,
1260 3766 1342 3826 quos
1366 3746 1451 3807 idem
1477 3747 1530 3807 Jo-

269 3851 390 3914 hannes
425 3853 485 3914 sibi
521 3853 561 3914 ad
597 3871 804 3915 communem
837 3852 961 3914 lucrum
998 3865 1213 3931 concesserat,
1246 3852 1372 3913 nullum
1407 3851 1533 3913 lucrum

270 3957 374 4019 eidem
400 3958 548 4020 dedisset.

375 4063 453 4124 ltem
478 4062 619 4146 prelatus
644 4064 752 4125 Marco
771 4077 886 4126 octavo
911 4063 1128 4125 dissimiliter
1152 4063 1256 4145 jurare
1274 4064 1370 4125 debet
1394 4076 1424 4125 et
1449 4075 1532 4124 recte

269 4167 386 4247 dicere,
412 4183 442 4229 et
466 4183 622 4250 quantum
648 4169 679 4229 in
705 4167 835 4250 prefatis
851 4168 1064 4251 quadraginta
1082 4168 1151 4231 flor.
1170 4169 1236 4229 auri
1262 4169 1341 4230 lucri
1359 4167 1533 4232 habuisset.

375 4273 453 4335 ltem
485 4294 578 4335 causa
604 4274 758 4336 Johannis
783 4274 910 4358 Gracyn
932 4287 963 4336 et
986 4274 1111 4336 Nicolai
1130 4274 1276 4336 Delasich
1302 4294 1357 4356 per
1381 4274 1532 4353 antiquos

269 4379 392 4461 judices
413 4381 456 4442 sic
482 4395 528 4442 est
551 4380 700 4461 judicata,
725 4380 813 4462 quod
837 4381 912 4462 quia
936 4380 1076 4441 vidimus
1095 4394 1127 4443 et
1150 4379 1351 4462 percepimus
1375 4379 1530 4461 quod...

271 4485 411 4546 anullis
434 4485 620 4547 hominibus
652 4486 809 4547 extraneis
839 4505 934 4567 super
966 4485 1106 4567 quadam
1130 4504 1235 4563 causa,
1268 4504 1331 4564 que
1356 4484 1438 4546 inter
1461 4504 1531 4566 pre·

270 4590 373 4652 dictos
397 4590 577 4653 Johannem
603 4590 729 4673 Gracyn
749 4605 781 4654 et
805 4592 975 4654 Nicolaum
992 4594 1184 4668 vertebatur,
1201 4611 1296 4672 super
1320 4592 1424 4673 ipsum
1442 4589 1530 4651 nulla

267 4698 468 4777 querimonia
494 4697 669 4777 dicebatur,
694 4698 768 4760 ideo
793 4699 898 4781 ipsum
911 4697 1091 4759 Johannem
1116 4718 1173 4780 per
1196 4697 1305 4759 omnia
1330 4696 1530 4759 reddidimus

267 4804 452 4887 expeditum
477 4817 508 4866 et
531 4804 635 4887 ipsum
660 4803 833 4867 Nicolaum
860 4804 1056 4886 expeditum,
1088 4815 1119 4866 et
1143 4803 1308 4866 universas
1331 4822 1443 4865 causas
1466 4821 1528 4884 que
