3472 5234
557 330 644 388 Anno
666 325 757 407 1387.
783 364 823 373 —
848 327 879 392 ό.
902 332 1079 405 septembris.
1390 352 1450 416 ²75

294 537 373 600 Item
398 537 580 620 Stephanus
604 538 761 621 Chaplich
786 552 900 601 octavo
922 540 975 602 dIe
998 540 1140 602 secundo
1164 561 1197 602 se
1221 561 1317 624 super
1341 562 1379 604 eo
1404 542 1452 623 ju-

187 644 280 721 rabit,
305 644 393 725 quod
418 645 484 726 ipse
510 642 705 725 GregorIum
729 643 832 707 filium
855 646 972 729 Angeli
997 665 1062 709 non
1087 648 1305 730 vituperasset.

294 749 373 813 Item
405 750 491 812 idem
516 750 698 832 Stephanus
721 771 817 834 super
846 772 885 814 eo
906 752 1041 834 jurabit,
1073 753 1161 834 quod
1195 753 1263 835 ipse
1286 754 1453 836 quoddam

187 856 314 939 signum
340 856 415 918 dicti
442 855 590 939 Gregorii
615 877 680 919 non
705 857 861 940 fregisset,
886 878 992 940 neque
1015 860 1064 920 sui
1089 859 1247 922 homines.

293 963 371 1024 Item
399 962 580 1046 Stephanus
604 977 718 1026 octavo
753 964 804 1025 die
837 984 894 1047 per
918 965 1050 1027 Gallum
1081 966 1258 1048 portarium
1284 980 1315 1029 et
1338 966 1452 1049 lvyceh

187 1069 421 1150 carpentarium
445 1068 507 1130 hoc
532 1069 680 1132 atestabit
704 1070 792 1152 quod
821 1069 966 1132 Thomas
990 1071 1170 1133 voluntarie
1194 1072 1331 1154 pallium
1355 1092 1451 1135 suum

187 1175 294 1236 eidem
323 1175 521 1238 contulisset.

294 1280 372 1343 Item
405 1280 545 1343 famulus
570 1281 697 1343 Mikech
729 1280 878 1363 Magdich
907 1295 1021 1344 octavo
1053 1283 1105 1344 die
1136 1303 1231 1366 super
1254 1304 1293 1346 eo
1326 1284 1452 1366 jurabit,

188 1387 275 1467 quod
301 1387 367 1469 ipse
392 1386 572 1449 Iohannem
597 1407 662 1448 non
686 1387 864 1470 spoliasset,
888 1388 943 1449 sed
962 1408 1056 1470 super
1078 1409 1110 1451 se
1134 1388 1165 1450 in
1189 1409 1245 1450 sua
1264 1388 1451 1452 defensione

187 1493 352 1575 quoddam
378 1494 549 1556 biccellum
567 1495 754 1576 recepisset.

291 1599 369 1662 Item
395 1600 547 1662 Clemens
571 1614 685 1661 octavo
702 1600 754 1662 die
779 1599 935 1681 vigesimo
956 1601 1070 1681 quinto
1095 1621 1126 1663 se
1151 1600 1337 1663 hominibus
1353 1621 1449 1684 super

186 1725 225 1767 eo
250 1705 378 1788 jurabit,
402 1707 491 1787 quod
517 1707 583 1789 ipse
609 1706 808 1789 Stephanum
840 1705 942 1768 filium
966 1707 1121 1768 iohannis
1152 1727 1218 1769 non
1244 1706 1453 1771 interfecisset

187 1832 292 1893 neque
316 1812 400 1873 idem
427 1833 464 1874 ex
488 1832 547 1873 suo
572 1813 724 1875 mandato
749 1810 932 1875 interfectus
956 1811 1076 1875 fuisset.

292 1918 370 1981 Item
396 1920 514 1980 Paulus
539 1919 624 1981 lilius
641 1919 795 2002 Stephani
820 1920 923 1982 dictus
948 1920 1070 1982 Trotlta
1088 1920 1283 1983 duodecimo
1307 1941 1339 1982 se
1365 1921 1451 1984 iuxta

185 2038 325 2086 nostram
350 2024 551 2106 judiciariam
575 2025 837 2088 commissionem
861 2045 956 2107 super
980 2046 1019 2087 eo
1036 2025 1162 2106 juravit,
1186 2027 1274 2107 quod
1299 2027 1366 2109 ipse
1384 2032 1450 2088 An-

184 2129 332 2192 thonium
358 2144 503 2192 nostrum
527 2130 734 2212 jobagionem
759 2151 825 2193 non
842 2131 1019 2214 spoliasset,
1044 2150 1150 2212 neque
1175 2132 1286 2193 villam
1309 2146 1449 2194 nostram

185 2237 386 2300 incendisset.

211 2471 307 2546 FerIa
336 2482 434 2547 sexta
464 2478 619 2564 proxima
656 2483 734 2548 ante
765 2476 888 2547 testum
917 2475 1116 2548 Natiuitatis
1145 2476 1241 2548 beate
1269 2478 1423 2566 virgitis.

686 2625 731 2700 (6.
761 2627 947 2702 septembres).

293 2768 370 2829 Item
400 2767 488 2848 quod
513 2767 587 2848 quia
613 2767 764 2829 Clemens
785 2766 869 2828 filius
894 2767 1059 2830 Benedicti
1083 2768 1122 2829 de
1147 2769 1237 2830 Nova
1262 2768 1339 2830 villa
1362 2769 1449 2851 vige·

183 2873 266 2935 slmo
292 2874 406 2954 qulnto
431 2893 464 2935 se
489 2873 654 2935 nobilibus
677 2872 763 2954 juxta
795 2887 936 2935 nostram
960 2873 1161 2954 judiciariam
1185 2874 1448 2936 commissionem

183 2999 352 3061 supereo,
378 2979 466 3060 quod
493 2979 559 3061 ipse
593 2978 791 3060 Stephanum
816 2977 919 3040 filium
949 2978 1105 3041 Iohannis
1137 2999 1202 3041 non
1228 2978 1449 3059 interfecisset,

183 3106 288 3167 neque
311 3086 398 3148 idem
424 3106 462 3148 ex
480 3106 537 3147 sua
561 3086 787 3148 commissione
805 3084 990 3148 interfectus
1010 3086 1163 3148 extitisset
1179 3105 1273 3148 suum
1300 3086 1450 3168 deposuit

182 3190 398 3272 juramentum
423 3205 457 3254 ut
488 3193 644 3271 debebat,
678 3193 751 3254 ideo
783 3192 889 3275 ipsum
922 3192 1127 3254 Clementem
1158 3211 1253 3274 super
1286 3191 1448 3273 premissis

184 3299 348 3361 reddimus
372 3299 569 3382 expeditum.

292 3406 370 3468 Item
388 3405 556 3488 Philippus
578 3403 663 3466 filius
687 3405 804 3466 medici
830 3417 940 3466 contra
972 3404 1115 3465 relictam
1141 3404 1251 3466 Jacobi
1275 3405 1381 3487 primo
1407 3404 1449 3466 ci·

182 3526 267 3575 tatus
291 3532 357 3575 non
382 3512 573 3594 comparuit.
1308 3497 1310 3501 ’

289 3619 367 3681 Item
402 3619 515 3680 Simon
554 3632 664 3679 contra
698 3616 900 3679 Anthonium
930 3630 1085 3698 tanquam
1116 3629 1305 3698 procurator
1340 3615 1449 3677 relicte

182 3724 358 3808 Mychaelis
382 3726 525 3787 secundo
549 3725 663 3787 citatus
693 3743 759 3785 non
784 3723 973 3805 comparuit.

287 3832 364 3894 Item
392 3831 529 3893 Michael
554 3829 783 3892 Stachunarich
819 3843 928 3891 contra
953 3827 1147 3911 Gregorium
1172 3826 1369 3890 aurifabrum
1401 3847 1449 3889 se·

182 3937 289 3999 cundo
314 3938 427 4000 citatus
450 3957 515 3999 non
541 3936 730 4019 comparuit.

289 4042 365 4104 Item
402 4042 529 4105 Mikech
562 4041 800 4103 molendinator
835 4054 945 4102 contra
977 4040 1148 4102 dominum
1179 4040 1309 4101 Petrum
1342 4057 1446 4100 sacer·

183 4148 293 4210 dotem
318 4148 422 4230 primo
447 4149 561 4210 citatus
585 4167 649 4209 non
678 4147 869 4229 comparuit.

289 4255 367 4316 Item
392 4254 510 4335 Iglicha
535 4267 644 4316 contra
669 4254 743 4315 Ivan
767 4266 909 4315 sutorem
935 4266 1049 4314 octavo
1074 4251 1126 4312 die
1151 4249 1368 4331 respondebit.

290 4360 368 4423 Item
394 4359 555 4441 Georgius
585 4359 826 4421 molendinator
858 4371 968 4420 contra
1000 4357 1075 4420 Ivan
1101 4356 1272 4437 Hlebopek
1305 4355 1447 4416 secundo

183 4467 296 4529 citatus
329 4485 394 4528 non
419 4465 609 4547 comparuit.

289 4572 367 4634 Item
391 4571 500 4633 relicta
534 4570 687 4652 Stephani
720 4583 830 4632 contra
861 4569 1023 4631 Andream
1057 4566 1183 4630 fabrum
1217 4567 1322 4650 primo
1354 4566 1446 4628 citata

183 4697 248 4740 non
273 4677 462 4759 comparuit.

288 4785 366 4845 Item
391 4784 494 4865 Cigan
519 4795 629 4846 contra
653 4782 855 4845 Radozlaum
873 4782 1015 4843 secundo
1032 4782 1146 4844 citatus
1163 4799 1227 4841 non
1253 4779 1446 4901 comparuit.
