3472 5234
305 302 366 384 276
668 302 753 361 Anno
775 296 864 378 1387.
891 335 929 344 —
955 315 1003 375 13.
1027 300 1199 374 septembris.

408 514 486 575 ltem
511 512 629 595 lglicha
653 527 761 575 contra
779 511 910 574 Gallum
935 511 1077 574 secundo
1103 511 1216 573 citatus
1239 530 1305 572 non
1330 510 1522 592 comparuit.

409 619 487 681 ltem
522 618 689 701 Philippus
721 618 865 681 medicus
896 631 1006 680 contra
1039 615 1186 679 Matheus
1222 617 1327 699 primo
1359 617 1472 679 citatus
1503 636 1570 679 non

303 727 492 809 comparuit.

408 831 486 895 Item
511 831 682 894 Barthulus
703 830 841 913 lapicida
866 845 976 892 contra
1001 829 1211 892 Dominicum
1235 830 1340 911 primo
1371 829 1485 891 citatus
1503 848 1570 891 non

303 939 494 1019 comparuit.

410 1044 487 1105 ltem
521 1043 719 1124 Dragozlaus
751 1056 865 1105 octavo
899 1042 950 1103 die
982 1062 1077 1125 super
1105 1062 1145 1104 eo
1177 1041 1304 1122 jurabit,
1336 1043 1424 1124 quod
1457 1043 1572 1105 Petrus

306 1150 446 1213 carnifex
472 1170 571 1212 unum
596 1152 712 1211 bovem
737 1163 767 1211 ct
790 1170 888 1212 unam
917 1169 1046 1211 vaccam
1077 1148 1177 1231 ipsius
1201 1149 1374 1230 Dragozlai
1398 1171 1454 1232 per
1478 1171 1571 1214 suam

304 1257 465 1319 maliciam
491 1256 691 1340 perdidisset.

412 1362 490 1424 ltem
516 1363 600 1424 idem
627 1362 826 1442 Dragozlaus
850 1362 997 1424 similiter
1028 1375 1142 1424 octavo
1167 1363 1218 1425 die
1243 1383 1339 1447 super
1372 1382 1411 1425 eo
1442 1363 1572 1444 jurabit,

304 1469 393 1551 quod
418 1469 485 1551 ipse
510 1468 655 1551 predicto
681 1469 774 1530 Petro
799 1467 936 1530 carnifici
961 1488 1014 1529 sex
1040 1488 1162 1530 marcas
1186 1469 1396 1532 denariorum
1421 1489 1487 1532 non
1513 1490 1573 1553 pro

306 1576 452 1638 mercede
477 1575 532 1638 sed
557 1588 670 1637 mutuo
695 1574 845 1636 dedisset.

415 1682 493 1744 ltem
518 1682 603 1743 idem
629 1682 740 1743 Petrus
757 1679 897 1743 carnifex
921 1700 1016 1763 super
1033 1700 1072 1742 eo
1089 1681 1215 1763 jurabit,
1240 1682 1328 1763 quod
1352 1683 1468 1765 ipsein
1486 1680 1572 1745 lacto

304 1789 500 1872 perdicionis
524 1787 689 1849 cuiusdam
714 1801 788 1868 toge
814 1786 968 1848 innocens
992 1801 1047 1848 est.

413 1894 491 1955 ltem
515 1893 668 1954 Nicolaus
692 1907 723 1954 et
740 1891 916 1974 Gregorius
933 1892 1071 1954 condam
1095 1893 1259 1955 castellani
1287 1892 1326 1954 de
1352 1893 1434 1955 Ozel
1458 1914 1569 1956 secun·

303 2000 393 2062 dario
417 2000 457 2062 ad
482 1999 637 2081 judicium
662 2013 772 2062 contra
796 1999 926 2060 Petrum
951 2018 1016 2060 noo
1034 2014 1293 2082 comparuerunt.

321 2234 418 2309 Ferla
446 2246 545 2310 sexta
572 2240 727 2327 proxima
757 2244 834 2309 ante
866 2237 989 2308 lestom
1018 2235 1248 2308 Exaltacionis
1285 2244 1401 2309 sancte
1429 2241 1550 2311 crocis.

800 2396 864 2468 (13.
895 2389 1080 2464 septembris).

409 2530 488 2592 ltem
504 2530 577 2591 lvan
597 2529 731 2613 lelchyn
755 2544 865 2592 contra
884 2530 1020 2592 Paulum
1038 2531 1143 2612 primo
1164 2531 1277 2592 citatus
1295 2551 1360 2592 non
1377 2531 1569 2614 comparuit.

409 2636 487 2698 ltem
521 2656 613 2698 causa
638 2637 713 2697 luan
739 2637 857 2698 sutoris
880 2649 992 2698 contra
1017 2636 1171 2718 lglicham
1204 2657 1304 2719 usque
1329 2637 1369 2697 ad
1394 2651 1467 2699 octo
1500 2637 1571 2699 dies

304 2742 344 2803 ad
369 2762 483 2825 pacem
507 2756 553 2805 est
576 2758 713 2826 recepta.

410 2849 487 2910 ltem
513 2849 680 2932 Philippus
703 2849 788 2911 lilius
814 2849 930 2912 medici
948 2865 1057 2912 contra
1083 2851 1225 2911 relictam
1251 2850 1429 2913 Clementis
1452 2864 1569 2914 octavo

305 2953 356 3014 die
380 2955 597 3036 respondebit.

412 3060 489 3121 ltem
522 3060 684 3122 lohannes
708 3058 835 3143 Gracyn
861 3075 970 3122 contra
997 3062 1177 3123 Heremitas
1202 3077 1317 3123 octavo
1342 3062 1394 3124 die
1419 3062 1487 3144 jura
1512 3083 1569 3124 sua

305 3165 453 3226 exhibere
479 3165 585 3228 debet.

412 3271 488 3332 ltem
513 3292 606 3333 causa
632 3274 779 3353 Agustini
804 3273 978 3335 sacerdotis
1002 3288 1110 3334 contra
1141 3273 1277 3335 Paulum
1301 3289 1443 3336 sutorem
1468 3294 1571 3356 usque

306 3375 346 3437 ad
371 3390 444 3438 octo
469 3377 536 3437 dies
558 3378 597 3437 ad
622 3398 734 3459 pacem
760 3393 806 3440 est
830 3392 966 3461 recepta.

412 3482 489 3542 ltem
508 3484 616 3544 Marco
642 3483 804 3545 Gmazach
829 3500 938 3546 contra
957 3485 1135 3565 Georgium
1159 3485 1316 3568 vigil(em)
1333 3487 1438 3569 primo
1456 3486 1572 3549 citatus

305 3606 370 3648 noo
395 3588 584 3668 comparuit.

414 3694 490 3754 ltem
515 3694 698 3755 Anthonius
722 3695 869 3778 Zytarich
895 3710 1003 3757 contra
1032 3698 1158 3759 lvlikech
1185 3698 1334 3778 Magdich
1360 3698 1503 3761 secundo
1527 3700 1571 3762 ci-

307 3813 389 3860 tatus
413 3819 477 3860 non
503 3802 691 3882 comparuit.

412 3905 490 3966 ltcm
504 3906 615 3967 Petrus
629 3907 820 3989 Herhyngar
834 3922 942 3969 contra
957 3908 1042 3990 Span
1057 3911 1161 3991 primo
1172 3911 1285 3973 citatus
1298 3932 1364 3978 non
1379 3915 1570 3994 comparuit.

412 4011 488 4073 ltem
514 4013 622 4074 relicta
647 4013 813 4075 Benedicti
839 4012 919 4075 labri
943 4030 1053 4077 contra
1086 4016 1249 4078 Andream
1274 4016 1400 4080 labrum
1427 4020 1571 4081 secundo

305 4119 398 4179 citata
422 4138 486 4179 non
511 4121 699 4201 comparuit.

411 4223 489 4285 ltem
513 4226 588 4286 luan
614 4227 714 4308 pistor
738 4241 851 4289 octavo
876 4227 927 4288 die
952 4247 1008 4309 per
1036 4243 1218 4290 consortem
1245 4230 1367 4292 Marchi
1394 4231 1514 4313 boyoik
1540 4247 1571 4295 et

306 4344 485 4391 consortem
511 4331 660 4393 Chuethk
677 4333 841 4410 atestabit,
866 4334 944 4414 quid
968 4335 1012 4394 cis
1036 4334 1076 4396 de
1101 4333 1184 4396 lacto
1201 4336 1414 4415 quarumdam
1440 4335 1569 4418 frugum

306 4435 381 4516 ipsis
405 4449 538 4515 constat,
563 4452 672 4499 contra
698 4438 876 4519 Georgium
901 4439 1205 4502 molendinatorem.

411 4541 488 4604 ltem
503 4543 613 4604 Petrus
627 4543 726 4606 decan
740 4559 848 4607 contra
863 4546 1040 4626 Georgium
1054 4548 1159 4628 primo
1170 4548 1284 4610 citatus
1298 4569 1363 4611 non
1378 4551 1569 4632 comparuit.

410 4647 489 4710 ltem
522 4649 704 4710 Anthonius
740 4651 882 4712 literatus
913 4653 1058 4713 similiter
1089 4651 1226 4715 salarina
1262 4654 1333 4734 (sic)
1370 4676 1425 4717 sua
1458 4670 1569 4719 contra

307 4748 437 4833 Gurgek
461 4755 565 4836 primo
597 4756 682 4817 citati
706 4776 772 4818 non
797 4773 1055 4840 comparuerunt.
