3472 5234
234 368 295 430 30²
630 345 832 424 Ann01389.
859 381 899 391 -
923 362 970 409 rr.
987 349 1080 425 junii.

339 560 416 622 Item
441 581 535 622 causa
565 560 689 622 Lucasii
723 573 832 622 contra
857 561 987 623 Petrum
1016 560 1057 622 de
1082 559 1251 621 Branouch
1287 579 1388 642 usque
1421 570 1495 620 octo

233 666 302 729 dies
326 666 366 728 ad
391 686 502 749 pacem
528 681 575 729 est
598 679 734 748 recepta.

337 773 416 834 Item
444 793 537 835 causa
570 774 669 835 Marci
704 786 814 835 contra
848 773 961 835 Kouch
987 793 1087 854 usque
1120 787 1193 835 octo
1226 773 1295 833 dies
1319 771 1358 833 ad
1383 791 1494 854 pacem

235 893 281 940 est
305 893 442 962 recepta.

340 986 417 1047 Item
443 985 625 1068 Stephanus
641 985 736 1065 judex
761 986 801 1048 de
818 987 909 1048 Nova
933 987 1008 1048 viIIa
1028 1006 1128 1067 usque
1154 984 1334 1066 quindenas
1358 982 1494 1046 Nicolao

234 1091 383 1153 Delasich
400 1092 456 1153 XII
471 1092 540 1154 flor.
557 1093 626 1153 auri
643 1093 766 1154 solvere
785 1093 1043 1176 debet;ipseque
1061 1093 1213 1154 Nicolaus
1230 1105 1339 1154 contra
1354 1090 1494 1153 eundem

234 1199 432 1281 Stephanum
449 1218 545 1280 super
562 1199 702 1279 quadam
720 1199 818 1260 domo
835 1199 970 1261 IiteraIia
990 1200 1200 1261 instrumenta
1218 1198 1368 1259 exhibere
1385 1197 1494 1259 debet.

338 1305 416 1367 Item
449 1304 609 1386 Georgius
641 1304 804 1367 Truchich
835 1319 941 1367 contta
973 1304 1127 1388 Gyurgek
1158 1304 1349 1367 secundario
1381 1304 1495 1365 citatus

233 1432 297 1474 non
324 1413 512 1495 comparuit.

341 1520 420 1580 Item
445 1519 602 1580 Martinus
626 1517 794 1580 EIizabeth
818 1538 920 1601 usque
952 1519 1131 1601 quindenas
1161 1538 1277 1581 novem
1301 1537 1416 1601 pensas
1440 1516 1496 1577 de·

235 1626 398 1688 uariorum
423 1625 547 1687 solvere
572 1624 677 1687 debet.

338 1732 415 1795 Item
440 1752 533 1794 causa
558 1732 667 1794 Jacobi
693 1731 854 1815 Gyungek
878 1746 987 1794 contra
1021 1732 1200 1794 Iohannem
1225 1731 1413 1814 episcopum
1438 1729 1495 1791 Se·

232 1840 377 1902 triensem
404 1859 505 1920 usque
530 1839 709 1920 quiudenas
733 1853 779 1899 est
803 1853 982 1921 prorogata.

341 1946 418 2007 Item
444 1945 573 2007 Thome
597 1943 664 2006 filio
689 1944 808 2006 Cosme
840 1945 871 2005 itt
904 1944 988 2006 Iacto
1020 1944 1170 2007 Iurticinii
1205 1944 1370 2006 cuiusdam
1405 1941 1497 2002 bovis

234 2051 367 2113 fecimus
389 2052 528 2133 graciam
554 2071 592 2112 eo
616 2052 726 2129 mod0‚
750 2051 837 2133 quod
863 2072 1029 2132 nunquam
1055 2052 1230 2113 incivitate
1255 2065 1285 2112 et
1310 2050 1378 2111 eius
1403 2048 1495 2111 terri-

232 2159 316 2220 torio
342 2159 459 2220 intrare
483 2158 592 2239 possit.

340 2265 418 2326 Item
443 2263 626 2326 Anthonius
650 2263 770 2344 juratus
787 2279 901 2326 octavo
918 2264 970 2326 die
990 2265 1078 2326 solus
1094 2285 1188 2346 super
1205 2284 1243 2325 eo
1261 2263 1387 2345 jurabit,
1405 2261 1494 2344 quod

234 2371 301 2452 ipse
314 2369 481 2432 Anthonio
495 2370 641 2453 Zytarich
666 2390 766 2432 uuum
784 2371 938 2432 eubulum
957 2371 996 2432 de
1014 2371 1118 2433 tritico
1142 2371 1269 2432 debitor
1285 2389 1349 2430 non
1374 2367 1498 2432 existat.

338 2478 416 2539 Item
443 2477 623 2559 Stephanus
647 2477 772 2539 Feruak
796 2491 907 2539 contra
932 2477 1130 2559 Stephanum
1155 2476 1293 2556 juratum
1319 2475 1423 2557 primo
1453 2474 1496 2534 ci-

232 2596 316 2646 tatus
340 2603 404 2645 uon
430 2584 618 2666 comparuit.

426 2802 523 2876 Ieria
552 2812 650 2877 sexta
679 2807 833 2894 proxima
863 2812 938 2893 post
966 2803 1087 2874 festum
1117 2803 1363 2874 Penthecostes.

770 2957 832 3037 (ll.
849 2958 958 3040 junia).

338 3100 417 3161 Item
441 3098 602 3160 Iohannes
627 3098 763 3160 condam
789 3099 883 3179 judex
916 3113 1026 3162 contra
1058 3100 1227 3160 Nicolaum
1251 3099 1355 3181 primo
1380 3098 1494 3161 citatus

233 3225 298 3267 uon
324 3205 514 3287 comparuit.

341 3312 418 3373 Item
444 3310 550 3371 Endre
569 3310 624 3371 Sib
648 3323 757 3370 contra
779 3311 943 3372 Simonem
969 3312 1074 3394 prImo
1091 3312 1204 3373 citatus
1221 3333 1284 3374 non
1303 3311 1494 3393 comparuit.

340 3417 417 3478 Item
442 3435 535 3476 causa
560 3415 635 3475 Ivan
660 3429 768 3477 contra
788 3416 986 3500 Stephanum
1010 3418 1185 3479 salivenam
1202 3438 1303 3499 usque
1328 3432 1401 3479 octo
1426 3418 1496 3480 dies

233 3522 272 3583 ad
299 3541 411 3605 pacem
437 3535 482 3582 est
506 3535 642 3603 recepta.

340 3629 418 3689 Item
451 3627 573 3688 Jursich
614 3642 722 3690 contra
756 3631 884 3693 Petrum
919 3633 1108 3713 Hungarum
1142 3634 1246 3715 primo
1285 3634 1397 3694 citatus
1429 3652 1495 3693 uon

234 3733 423 3816 comparuit.

338 3840 416 3900 Item
434 3839 597 3901 Etuericus
611 3839 698 3902 faber
712 3857 819 3905 contra
834 3843 974 3906 GoIozIo
985 3847 1088 3927 ptimo
1102 3847 1214 3908 citatus
1225 3867 1288 3907 uon
1303 3847 1494 3928 comparuit.

339 3945 416 4007 Item
442 3946 559 4006 Paulus
582 3961 671 4008 sutor
694 3963 803 4011 contra
830 3951 961 4012 Luciam
993 3966 1107 4013 octavo
1133 3953 1184 4014 die
1210 3953 1425 4034 respondebit.

340 4050 416 4112 Item
447 4051 581 4132 Egidius
605 4067 693 4115 sutor
716 4070 824 4116 contra
850 4056 986 4118 Paulum
1011 4073 1124 4119 octavo
1149 4059 1201 4120 die
1226 4061 1441 4141 respondebit.

339 4156 416 4218 Item
434 4157 578 4219 Andreas
602 4174 701 4223 sartot
725 4175 833 4223 contra
859 4165 1053 4244 Agustitrum
1081 4167 1279 4227 sacerdotem
1313 4167 1416 4248 primo
1451 4169 1495 4229 ci-

233 4274 317 4322 tatus
340 4282 404 4323 non
431 4265 619 4345 comparuit.

339 4367 416 4430 Item
442 4370 584 4450 Zagorch
609 4387 718 4434 contra
737 4373 928 4456 GregorIum
955 4379 1058 4458 primo
1084 4381 1196 4442 citatus
1213 4401 1276 4442 non
1303 4381 1494 4463 comparuit.

340 4473 418 4535 Item
454 4475 572 4537 Paulus
607 4492 716 4540 contra
750 4482 888 4542 eundem
922 4482 1114 4564 Gregorium
1147 4487 1252 4568 primo
1284 4488 1396 4549 citatus
1428 4507 1492 4550 nou

234 4579 423 4658 comparuit.

338 4683 416 4746 Item
446 4687 628 4750 Demetrius
660 4704 769 4753 contra
802 4693 876 4754 Ivan
909 4713 1010 4776 usque
1042 4711 1115 4759 octo
1148 4697 1216 4760 dies
1247 4714 1341 4763 testes
1368 4668 1493 4784 'produ-

234 4803 303 4847 cere
328 4788 433 4853 debet.
