3472 5234
204 347 267 428 284
568 351 653 408 Anno
679 347 769 426 1588.
797 385 834 392 —
859 365 908 411 10.
925 352 1078 426 januarii.

314 561 391 623 Item
435 560 544 623 Mathe
575 575 689 623 octavo
721 561 773 624 die
804 561 946 623 secundo
970 582 1003 623 se
1034 561 1151 643 jurabit
1183 562 1214 623 in
1247 581 1305 642 eo,
1337 576 1371 624 ut
1402 563 1468 645 ipse

203 666 377 749 quemdam
403 669 519 730 bovem
544 688 672 751 pascere
705 688 771 730 non
805 670 1036 751 assumpsisset,
1069 689 1174 751 neque
1203 670 1297 731 sciret
1321 688 1387 752 quo
1412 682 1467 732 est.

310 773 389 837 Item
407 774 487 835 Kele
511 787 622 836 contra
646 775 798 836 livaniam
821 776 920 837 tercio
945 776 1059 838 citatus
1082 795 1148 837 non
1172 776 1362 858 comparuit.

309 879 387 942 Item
413 883 539 943 Mezera
564 894 674 944 contra
698 882 806 944 Mathe
831 882 863 943 in
888 882 993 964 primo
1018 883 1137 963 jndicio
1162 882 1380 964 respondebit.

310 1005 387 1067 Item
414 1007 480 1068 Juri
499 1006 684 1068 Carintinus
706 1028 809 1089 usque
828 1007 1009 1089 quindenas
1025 1008 1202 1070 secundum
1220 1008 1382 1070 decimum
1399 1008 1468 1071 flor.

203 1111 272 1173 auri
297 1114 405 1174 Marco
430 1114 548 1174 cursori
574 1114 698 1175 solvere
723 1114 828 1178 debet.

312 1219 389 1280 Item
415 1219 598 1281 Marcbicha
622 1235 731 1282 contra
757 1221 824 1282 turi
849 1221 954 1303 primo
983 1220 1076 1282 citata
1100 1239 1165 1281 nou
1190 1221 1379 1303 comparuit.

200 1434 297 1510 Feria
328 1442 437 1511 tercia
465 1441 620 1528 proxima
640 1448 715 1529 post
744 1441 867 1512 festum
887 1441 983 1513 beate
1002 1442 1100 1514 Lucie
1129 1444 1273 1531 virginis
1302 1442 1467 1513 martiris.

712 1596 772 1671 (17.
801 1595 975 1668 decembris).

308 1734 386 1796 Item
412 1734 573 1797 Johannes
590 1735 677 1797 filius
693 1736 849 1798 Hermani
867 1751 977 1799 contra
1002 1736 1125 1819 Ciphus
1142 1737 1246 1820 primo
1271 1736 1384 1798 citatus
1401 1754 1467 1796 non

202 1843 391 1925 comparuit.

310 1948 387 2010 Item
405 1948 558 2009 Nicolaus
576 1948 712 2031 Lipulch
726 1962 835 2012 contra
849 1948 1036 2032 Gyaninum
1053 1964 1167 2011 octavo
1185 1949 1236 2010 die
1250 1948 1467 2031 respondebit.

310 2054 388 2116 Item
424 2056 534 2117 Maren
560 2070 668 2117 contra
704 2056 871 2118 Elizabeth
903 2056 1072 2117 mulierem
1097 2056 1240 2118 secundo
1265 2057 1378 2118 citatus
1402 2074 1467 2116 non

202 2161 391 2243 comparuit.

308 2267 386 2330 Item
418 2288 510 2330 causa
537 2269 667 2352 Mathey
691 2280 801 2330 contra
831 2270 993 2331 Mezaram
1018 2269 1058 2331 ad
1091 2283 1164 2331 octo
1198 2269 1266 2330 dies
1290 2269 1330 2330 ad
1354 2288 1466 2351 pacem

200 2387 247 2437 est
270 2387 406 2456 recepta.

306 2480 385 2542 Item
421 2500 513 2543 causa
548 2482 716 2543 Laurencii
751 2496 862 2544 contra
895 2481 1111 2563 Dragozlaum
1144 2482 1183 2544 ad
1216 2497 1289 2544 octo
1322 2483 1390 2544 dies
1422 2481 1462 2543 ad

200 2605 310 2666 pacem
336 2601 382 2648 est
406 2600 541 2669 recepta.

306 2692 383 2754 Item
415 2694 525 2755 Maren
567 2708 676 2756 contra
708 2694 909 2755 Anthonium
943 2695 1041 2755 Renis
1075 2688 1218 2756 secundo
1252 2695 1366 2756 citatus
1401 2714 1466 2756 non

199 2799 388 2879 comparuit.

305 2904 384 2967 Item
409 2927 502 2968 causa
528 2906 625 2968 Inane
651 2921 760 2969 contra
785 2909 864 2969 Kele
894 2926 995 2987 usque
1026 2922 1099 2968 octo
1124 2906 1192 2967 dies
1217 2907 1256 2967 ad
1280 2926 1391 2989 pacem
1417 2921 1463 2967 est

199 3024 336 3095 recepta.

304 3119 383 3179 Item
407 3120 558 3200 magister
575 3120 693 3181 Paulus
717 3133 830 3180 octavo
855 3120 906 3180 die
925 3140 1018 3201 super
1043 3140 1081 3182 eo
1107 3120 1223 3202 jurabit
1239 3120 1327 3201 quod
1353 3122 1461 3182 Marco

199 3223 283 3285 iilius
300 3224 427 3286 Mikech
445 3224 501 3287 filii
520 3226 679 3287 Francisci
699 3226 872 3287 Bianchich
889 3226 948 3287 sibi
967 3226 1093 3288 duobus
1110 3227 1179 3288 flor.
1197 3227 1323 3289 debitor
1343 3226 1463 3289 fuisset.

303 3331 380 3393 item
407 3332 543 3393 Zelezko
576 3345 685 3393 contra
710 3332 909 3393 Anthonium
942 3347 1083 3395 sutorem
1108 3334 1212 3415 primo
1249 3335 1361 3395 citatus
1396 3354 1461 3395 non

200 3438 388 3518 comparuit.

305 3544 381 3605 Item
407 3545 463 3607 sib
488 3543 614 3605 Endree
640 3557 748 3606 contra
775 3545 907 3606 Paulum
935 3546 1094 3608 literatum
1121 3547 1314 3629 respondere
1340 3547 1462 3608 debens

199 3669 263 3712 non
290 3651 463 3731 respondit.

304 3757 380 3818 Item
408 3757 517 3818 Petrus
542 3757 642 3819 decan
667 3772 776 3820 contra
801 3758 886 3820 Iwan
911 3759 1016 3839 primo
1041 3759 1153 3820 citatus
1178 3780 1242 3821 non
1269 3760 1458 3841 comparuit.

304 3864 381 3925 Item
410 3863 536 3926 Malech
561 3877 670 3925 contra
695 3865 865 3926 Nicolaum
891 3864 1027 3946 Lipulch
1051 3865 1150 3926 tercio
1174 3886 1206 3927 se
1232 3885 1389 3947 supereo
1413 3865 1460 3947 ju-

198 3970 288 4046 rabit,
315 3970 403 4051 quod
429 3971 496 4053 ipse
521 3989 651 4032 uxorem
678 3991 768 4032 suam
793 3990 858 4032 non
879 3971 1083 4052 percussisset
1108 3992 1165 4034 nec
1190 3972 1342 4033 celarium
1367 3991 1460 4033 suum

199 4089 353 4138 intrasset.

368 4310 464 4386 Feria
493 4323 591 4387 sexta
619 4325 697 4406 post
724 4316 847 4389 festum
876 4315 1136 4406 Epiphaniatum
1167 4318 1300 4388 domini.

589 4467 690 4548 (Anno
715 4468 807 4547 1388,
834 4486 883 4531 10.
900 4470 1066 4550 sonuerit).

303 4610 380 4672 item
413 4611 544 4673 domina
577 4612 751 4674 Katherina
783 4633 839 4695 per
870 4612 1018 4674 dominas
1050 4615 1177 4674 Annam
1209 4633 1244 4674 ac
1277 4627 1457 4674 consortem

198 4714 352 4779 Liberae
377 4737 509 4780 uxorem
534 4717 684 4799 Gregorii
708 4718 819 4780 decani
846 4718 907 4780 hoc
924 4719 1081 4798 atestabit‚
1106 4719 1194 4801 quod
1217 4720 1276 4782 sibi
1301 4720 1457 4802 Zekyrich

200 4820 353 4905 (h)ortum
376 4843 470 4885 suum
494 4824 677 4903 dimisisset,
702 4838 732 4886 et
756 4823 817 4886 hoc
841 4839 957 4886 octavo
982 4825 1043 4888 die.
