3472 5234
649 317 848 397 Ann01378.
874 355 914 363 —
938 317 969 383 8.
992 323 1072 383 maii.
1441 341 1499 405 127

339 533 419 595 Item
454 531 615 614 Georgius
645 551 784 593 assessor
814 531 981 593 Anthonio
1013 533 1161 593 assessori
1193 532 1344 593 undecim
1379 550 1501 593 marcas

231 659 309 702 cum
334 638 442 702 media
466 638 673 700 denariorum
693 637 727 698 in
752 637 927 719 quindenis
943 639 1124 720 persolvere
1147 638 1244 700 debet
1267 639 1335 700 sine
1360 636 1498 700 difficul-

235 759 298 808 tate
323 745 466 827 aliquali.

342 851 419 913 Item
443 851 595 911 Marenus
618 849 756 932 lapicida
788 864 897 911 contra
932 850 1135 911 Demetrium
1166 849 1364 912 sacerdotem
1395 850 1500 932 primo

234 958 350 1020 citatus
373 977 438 1018 non
462 955 653 1037 comparuit.

341 1062 419 1124 Item
456 1082 551 1124 causa
583 1060 715 1142 Georgii
748 1059 830 1123 fabri
862 1076 894 1124 et
925 1062 1042 1123 Jaklini
1075 1076 1121 1124 est
1145 1082 1201 1145 per
1234 1061 1437 1144 Stephanum
1468 1075 1499 1123 et

237 1170 418 1231 Iohannem
442 1168 484 1230 ad
508 1181 581 1229 octo
606 1168 674 1229 dies
697 1181 824 1250 recepta
848 1168 890 1229 ad
913 1187 1036 1250 pacem.

341 1292 419 1354 Item
443 1311 538 1353 causa
562 1290 719 1352 Anthonii
744 1290 837 1371 jurati
862 1305 893 1352 et
918 1290 1051 1373 Georgii
1083 1291 1273 1373 carpentarii
1298 1306 1345 1353 est
1368 1312 1424 1374 per
1448 1292 1499 1353 Ja-

236 1400 354 1461 cobum
380 1397 458 1460 Bole
484 1411 514 1458 et
538 1396 732 1478 Gregorium
756 1397 874 1480 Angeli
898 1398 940 1459 ad
967 1411 1041 1459 octo
1065 1398 1133 1459 dies
1157 1412 1284 1480 recepta
1309 1398 1348 1460 ad
1376 1418 1500 1480 pacem.

339 1505 418 1566 Item
443 1504 595 1565 Nicolaus
620 1503 723 1584 Cigan
754 1517 864 1566 contra
888 1504 1018 1565 Petrum
1054 1504 1160 1586 primo
1185 1504 1299 1567 citatus
1322 1524 1387 1566 non
1413 1525 1501 1566 com·

235 1613 350 1697 paruit.

339 1718 418 1780 Item
450 1715 572 1778 Petheu
605 1729 635 1777 et
668 1715 813 1796 Dragech
848 1728 958 1777 contra
990 1716 1138 1778 Matheus
1176 1716 1281 1799 primo
1316 1716 1402 1778 citati
1434 1736 1500 1778 non

235 1836 495 1906 comparuerunt.

339 1929 416 1991 Item
441 1927 594 1989 Nicolaus
618 1926 832 1989 Zrebernicha
849 1939 959 1988 contra
978 1926 1158 2009 Symonem
1184 1942 1339 1990 sartorem
1357 1928 1500 1990 secundo

236 2037 350 2098 citatus
374 2054 440 2097 non
464 2033 655 2116 comparuit.

342 2142 421 2204 Item
445 2160 538 2203 causa
564 2138 696 2221 Georgii
719 2139 848 2200 sartoris
880 2151 912 2200 et
937 2137 1087 2221 Gregorii
1112 2143 1152 2203 ab
1184 2161 1248 2203 una
1272 2154 1303 2202 et
1327 2142 1414 2203 Luce
1438 2141 1502 2202 Bo·

238 2249 318 2311 nioli
343 2262 389 2310 est
412 2247 454 2309 ad
478 2247 722 2328 quindecimum
743 2258 915 2327 prorogata
933 2244 973 2307 ad
998 2266 1119 2328 pacem,
1144 2261 1175 2309 et
1190 2248 1314 2309 tamdiu
1331 2267 1501 2330 quousque

238 2355 363 2437 justicia
386 2353 515 2415 finietur
539 2353 621 2414 inter
645 2351 776 2414 eosdem
801 2370 909 2413 coram
934 2351 1039 2432 judice
1064 2354 1288 2417 ecclesiastico.

343 2478 422 2540 Item
447 2476 609 2538 Iohannes
633 2489 742 2537 contra
767 2475 902 2537 luanum
926 2490 1041 2538 octavo
1065 2477 1117 2538 die
1143 2478 1361 2559 respondebit.

345 2584 422 2647 Item
440 2583 558 2645 Paulus
582 2580 722 2644 carnifex
745 2594 854 2642 contra
881 2582 1003 2644 Lucam
1028 2583 1171 2644 secundo
1189 2583 1302 2645 citatus
1325 2603 1392 2645 non
1413 2604 1501 2646 com·

237 2690 352 2773 paruit.

342 2795 419 2856 Item
436 2793 582 2855 Geninus
595 2793 716 2875 juratus
729 2794 864 2855 domino
878 2793 1016 2875 Mykech
1029 2794 1145 2876 Magde
1156 2807 1269 2857 octavo
1287 2796 1339 2856 die
1357 2796 1500 2877 quinque

238 2919 361 2961 marcas
385 2899 591 2961 denariorum
616 2899 768 2963 exsolvet.

344 3006 422 3067 Item
454 3005 616 3067 Jobannes
648 3005 680 3066 in
712 3005 897 3067 testimonio
929 3024 988 3066 suo
1020 3019 1130 3066 contra
1163 3003 1341 3087 Georgium
1373 3005 1501 3087 defecit,

237 3130 314 3194 ergo
339 3131 467 3173 causam
492 3111 632 3195 perdidit
656 3125 686 3173 et
710 3111 808 3192 judici
833 3110 985 3173 remansit
1010 3111 1048 3172 III
1073 3111 1190 3193 pensis.

344 3235 422 3297 Item
457 3234 616 3316 Georgius
646 3248 748 3297 sartor
779 3235 913 3297 domino
946 3235 1040 3296 Petro
1072 3235 1104 3296 in
1136 3235 1309 3317 quindenis
1340 3238 1399 3298 XV
1431 3239 1501 3303 flor.

238 3341 409 3422 persolvet.

702 3543 847 3615 Sabbata
875 3545 1039 3633 sequenti.

598 3696 782 3769 AdiudIcacio
803 3698 929 3770 judicum
952 3700 1145 3771 antiquorum.

780 3853 827 3931 (8.
851 3859 946 3933 mair').

344 4010 453 4073 Primo
478 4011 646 4073 Elizabetb
671 4014 787 4075 mulier
818 4015 995 4076 secundum
1020 4016 1300 4097 adjudicacionem
1323 4015 1501 4099 juratorum

237 4117 371 4177 sabbato
396 4135 481 4178 nunc
498 4117 642 4198 proxime
660 4133 797 4181 venturo
812 4140 844 4181 se
869 4121 1008 4183 secunda
1026 4121 1143 4204 jurabit
1167 4123 1200 4185 in
1219 4141 1269 4201 eo,
1294 4122 1381 4204 quod
1400 4123 1500 4205 ipsam

237 4240 365 4282 vaccam
392 4241 464 4282 cum
489 4242 545 4283 sua
570 4225 697 4307 propria
723 4225 869 4302 emisset;
906 4241 1035 4308 peracto
1060 4228 1169 4309 itaque
1194 4228 1375 4308 juramento
1400 4229 1502 4309 ipsam

237 4345 367 4387 vaccam
392 4327 545 4389 Nicolaus
568 4330 629 4391 sibi
654 4330 730 4392 dare
755 4331 886 4395 debebit
909 4334 978 4395 sine
1007 4334 1265 4396 contradiccione
1290 4333 1434 4415 aliquali.

344 4449 422 4512 Item
455 4451 616 4534 Georgius
647 4456 863 4536 carpentarius
892 4470 1006 4518 octavo
1037 4456 1090 4518 die
1125 4478 1158 4519 se
1189 4459 1306 4519 tercius
1329 4456 1447 4538 jurabit
1470 4457 1502 4518 in

238 4575 288 4635 eo,
313 4557 401 4638 quod
426 4559 493 4640 ipse
526 4579 590 4621 non
624 4563 758 4623 asseruit
789 4560 902 4624 falsam
934 4563 1075 4625 mediam
1108 4565 1217 4626 eubuli
1250 4564 1502 4643 communitatis,

237 4679 333 4743 super
357 4663 445 4742 quod
470 4662 588 4726 factum
607 4665 703 4745 judex
719 4686 793 4728 cum
819 4687 885 4729 uno
909 4680 988 4729 teste
1005 4670 1162 4747 atestavit‚
1186 4670 1267 4732 alter
1289 4684 1398 4731 autem
1414 4670 1502 4732 testis

238 4765 388 4829 videlicet
412 4769 566 4831 Nicolaus
590 4771 803 4834 Zrebernicha
829 4773 934 4855 ipsum
957 4775 1180 4838 testimonium
1207 4776 1342 4839 nescivit
1357 4789 1502 4838 atestare.
