3472 5234
295 320 354 381 180
685 321 772 380 Anno
795 318 886 398 1382.
909 356 954 366 -
976 337 1027 401 24.
1044 326 1141 400 junii.

396 534 476 595 Item
500 551 594 594 causa
618 533 765 595 Barnabe
789 533 964 595 sacerdotis
986 546 1097 594 contra
1126 533 1307 595 Fabianum
1330 535 1492 596 literatum
1515 534 1556 596 ad

291 653 439 701 octavum
465 639 552 700 diem
575 639 616 700 ad
639 658 751 721 pacem
776 652 823 701 est
846 652 983 722 recepta.

396 746 474 807 Item
498 745 652 807 Nicolaus
684 758 794 808 contra
828 746 957 808 Petrum
989 744 1190 828 Machkoych
1215 745 1321 827 primo
1353 746 1466 808 citatus
1490 765 1556 807 non

290 852 480 934 comparuit.

394 956 472 1019 Item
505 956 662 1018 Martinus
693 956 848 1040 Zelryrich
889 971 999 1020 contra
1031 957 1247 1019 Laurencium
1279 956 1417 1038 juratum
1450 957 1555 1040 primo

289 1063 402 1124 citatus
426 1082 491 1124 non
517 1063 707 1144 comparuit.

288 1202 291 1215 =
395 1169 474 1231 Item
499 1167 680 1251 Stephanus
702 1167 864 1232 Pecohleb
899 1183 1049 1249 exparte
1080 1168 1189 1229 uxoris
1221 1188 1276 1229 sue
1302 1169 1451 1229 Emerico
1474 1168 1555 1250 lapi·

289 1273 358 1335 cide
383 1294 485 1355 usque
509 1287 583 1336 octo
607 1274 676 1335 dies
698 1273 879 1336 satisfacere
905 1273 1009 1351 debet,
1032 1287 1068 1334 ut
1090 1275 1273 1355 assumpsit.

395 1381 473 1442 Item
487 1380 646 1442 Martinus
658 1380 814 1462 Zeltyrich
827 1393 939 1442 contra
952 1381 1118 1442 Martonos
1134 1392 1249 1441 octavo
1266 1379 1319 1441 die
1335 1379 1553 1462 respondebit.

395 1488 472 1549 Item
496 1487 645 1549 Vrbanus
668 1499 757 1549 sutor
781 1500 891 1548 contra
920 1485 1114 1568 Gregorium
1146 1485 1264 1567 Angeli
1289 1499 1404 1548 octavo
1429 1486 1480 1548 die
1505 1506 1554 1548 re·

288 1595 469 1676 spondebit.

393 1700 471 1761 Item
496 1699 586 1760 Hans
610 1697 688 1760 Scol
717 1711 827 1760 contra
860 1697 989 1760 Gerdak
1019 1716 1181 1759 cursorem
1208 1697 1306 1759 tercio
1339 1698 1453 1759 citatus
1487 1716 1552 1759 non

287 1805 476 1887 comparuit.

393 1911 473 1972 Item
505 1909 681 1991 Gregorius
710 1908 795 1971 filius
828 1908 983 1971 Iohannis
1013 1922 1122 1971 contra
1154 1911 1325 1973 Nicolaum
1362 1909 1553 1972 Gerbauech

287 2017 386 2078 tercio
410 2018 523 2078 citatus
547 2035 612 2077 non
637 2016 827 2097 comparuit.

393 2123 471 2185 Item
496 2142 590 2184 causa
614 2122 711 2183 Blasii
736 2120 888 2183 aurifabri
912 2136 1021 2183 contra
1053 2122 1222 2183 Marenum
1250 2122 1389 2183 condam
1412 2121 1553 2203 juratum

287 2229 327 2290 ad
351 2242 502 2290 octavum
526 2228 612 2289 diem
637 2227 678 2289 ad
702 2246 813 2309 pacem
840 2240 887 2289 est
909 2241 1045 2308 recepta.

393 2334 471 2396 Item
496 2332 656 2396 Cristinus
688 2333 892 2395 TeutunIcus
923 2314 1055 2394 mulieri
1081 2332 1216 2413 Agnetis
1245 2352 1346 2414 usque
1372 2333 1552 2415 quindenas

286 2460 344 2523 pro
379 2440 586 2523 percussione
621 2459 678 2516 sua
712 2457 809 2502 unam
846 2456 987 2501 marcam
1022 2438 1145 2500 solvere
1183 2440 1297 2516 debet,
1329 2451 1361 2500 et
1393 2439 1551 2520 quosdam

286 2546 521 2628 quinquaginta
544 2545 694 2607 denarios
716 2545 881 2607 restituere
905 2544 1011 2607 debet.

391 2652 469 2714 Item
496 2653 598 2713 Lucas
621 2650 707 2713 filius
738 2650 902 2726 Iohannis,
928 2649 1055 2712 Mathee
1087 2664 1118 2712 et
1148 2649 1324 2731 Gregorius
1355 2650 1466 2713 fratres
1490 2652 1551 2729 sui,

286 2757 370 2820 Iwan
395 2757 463 2820 filio
487 2757 615 2820 NicoIai
632 2777 691 2840 pro
707 2757 912 2839 percussione
932 2776 988 2818 sua
1005 2757 1141 2838 quilibet
1157 2776 1270 2818 eorum
1294 2777 1392 2819 unam
1410 2776 1551 2819 marcam

285 2864 409 2926 solvere
433 2863 539 2943 debet,
564 2877 595 2926 et
618 2883 676 2946 pro
700 2861 783 2924 lacto
807 2862 954 2944 potencie
979 2861 1076 2942 judici
1102 2877 1133 2925 et
1154 2861 1264 2942 juratis
1287 2863 1424 2927 solvent.

391 2970 469 3032 Item
495 2970 630 3051 predicti
655 2969 768 3046 Lucas,
794 2967 902 3030 Mathe
934 2983 966 3031 et
989 2967 1164 3046 Gregorius
1195 2969 1332 3050 quilibet
1360 2989 1473 3032 eorum
1498 2990 1551 3031 oc·

285 3091 359 3138 ravo
384 3077 436 3138 die
460 3076 559 3137 tercio
583 3095 616 3136 se
640 3074 792 3155 jurabunt
815 3094 911 3156 super
936 3094 986 3151 eo,
1014 3075 1103 3156 quod
1128 3076 1189 3156 ipsi
1222 3075 1308 3138 lwan
1333 3076 1431 3138 nullis
1455 3076 1551 3137 rebus

285 3202 340 3243 seu
364 3182 564 3243 vestimentis
587 3181 788 3263 spoliassent.

390 3288 469 3349 Item
493 3287 582 3368 quod
606 3288 681 3368 quia
707 3285 867 3367 Georgius
891 3286 976 3347 fillus
1000 3288 1089 3349 Nork
1117 3287 1276 3367 quosdam
1298 3301 1394 3350 testes
1417 3307 1492 3349 suos
1516 3289 1549 3350 in

285 3412 334 3470 eo,
359 3392 447 3473 quod
473 3393 540 3473 ipse
565 3393 597 3453 in
622 3392 761 3473 quadam
787 3392 886 3452 domo
911 3411 968 3473 per
992 3392 1097 3473 ipsum
1127 3392 1257 3455 vendita
1281 3413 1337 3475 per
1359 3407 1423 3455 tres
1447 3412 1550 3454 annos

284 3518 413 3559 manere
437 3498 579 3574 deberet,
595 3511 732 3558 statuere
749 3498 870 3558 debens
890 3517 955 3559 non
972 3498 1081 3560 statuit
1097 3512 1132 3560 ut
1148 3498 1296 3577 debebat,
1321 3499 1395 3560 ideo
1419 3518 1549 3562 causam

283 3623 373 3664 suam
398 3602 547 3684 perdidit.

392 3710 469 3770 Item
494 3709 610 3770 mulier
632 3707 887 3789 Agustinouicha
904 3723 1014 3771 contra
1038 3710 1216 3791 Georgium
1233 3725 1386 3773 sartorem
1406 3710 1549 3772 secundo

284 3817 376 3878 citata
401 3835 466 3876 non
492 3817 682 3897 comparuit.

282 4032 379 4108 Feria
398 4036 505 4107 tercia
524 4034 681 4107 videlicet
709 4037 743 4105 in
771 4034 857 4107 Iesto
878 4035 1077 4108 Natiuitatis
1104 4036 1361 4126 beatiJohannis
1380 4037 1547 4126 Baptista.

822 4190 887 4265 (24.
910 4190 1018 4264 junii).

388 4327 489 4388 Nota!
514 4326 603 4407 quod
627 4347 701 4389 cum
718 4347 798 4389 uxor
815 4326 948 4408 Georgii
975 4328 1120 4410 Sydouin
1138 4330 1170 4390 in
1187 4330 1327 4412 presenti
1352 4328 1430 4390 feria
1448 4329 1548 4391 tercia

284 4432 518 4513 quinquaginta
544 4433 736 4494 concivissas
759 4446 895 4494 statuere
921 4448 952 4495 et
975 4454 1048 4495 cum
1073 4435 1185 4515 viginti
1213 4437 1369 4517 quinque,
1393 4454 1473 4516 quas
1489 4433 1548 4496 do·

283 4538 371 4599 mina
395 4556 526 4599 consors
550 4538 703 4620 Stephani
728 4538 803 4600 dicti
830 4539 995 4621 Mylogled
1019 4540 1162 4621 eligeret,
1186 4560 1344 4623 supereo
1369 4540 1474 4621 jurare
1491 4540 1548 4603 de·

284 4642 414 4720 suisset,
439 4643 527 4724 quod
552 4644 620 4725 ipsa
644 4662 775 4706 consors
807 4643 960 4726 Stephani
985 4645 1101 4706 mulier
1132 4645 1278 4708 malefica
1302 4660 1333 4708 et
1357 4646 1548 4708 incantatrix

283 4745 396 4824 luerit3
419 4747 550 4809 tandem
575 4749 645 4830 ipso
667 4749 806 4811 termino
830 4763 1016 4811 occurrente
1047 4749 1190 4832 predIcta
1221 4771 1303 4813 uxor
1328 4750 1463 4833 Georgii
1488 4751 1548 4835 Sy·
