3472 5234
233 354 290 415 152
582 336 668 392 Anno
693 331 784 410 1578.
810 368 850 377 —
873 348 924 396 10.
947 335 1118 407 septembris.

333 544 412 606 Item
438 544 547 606 Hanse
573 558 682 606 contra
707 543 888 605 iohannem
908 543 1082 626 pellificem
1106 557 1172 606 met
1193 543 1354 607 secundus
1376 543 1496 626 jurabit

229 651 263 711 ln
289 669 339 728 eo,
363 650 451 731 quod
477 650 544 731 ipse
568 670 641 711 suas
664 663 752 711 cutes
776 668 842 710 non
866 647 1027 712 furaverit.

336 756 413 817 Item
441 755 589 838 Mychael
618 754 775 817 Mauricio
807 755 919 817 decem
951 769 983 818 et
1005 776 1059 818 sex
1083 776 1198 837 pensas
1229 755 1437 818 denariorum
1461 756 1494 818 in

229 861 403 943 quindenis
426 862 596 944 persolvet.

336 967 415 1029 Item
440 967 599 1028 Renarius
631 981 741 1029 contra
774 966 953 1048 Georgium
984 966 1124 1049 juratum
1155 968 1260 1050 primo
1292 970 1406 1032 citatus
1429 989 1517 1032 non·

230 1073 421 1154 comparuit.

335 1176 413 1239 Item
447 1177 620 1239 Chuethlco
650 1190 761 1238 contra
793 1177 996 1239 Anthonium
1027 1178 1166 1258 juratum
1199 1192 1312 1241 octavo
1345 1181 1397 1242 die
1422 1200 1495 1243 cum

228 1283 294 1344 suis
317 1284 412 1344 sociis
435 1283 651 1365 respondebit.

335 1390 414 1451 Item
427 1388 536 1451 Mathe
546 1402 635 1451 sutor
644 1401 754 1450 contra
764 1388 933 1450 Miclinum
943 1389 1085 1451 secundo
1099 1389 1212 1451 citatus
1224 1409 1290 1451 non
1303 1391 1495 1473 comparuit.

335 1495 413 1558 Item
439 1496 578 1557 Iacobus
602 1494 732 1577 pellifex
755 1495 788 1556 in
810 1494 983 1576 qulndenis
1006 1495 1075 1577 jura
1090 1495 1116 1557 si
1140 1514 1202 1576 qua
1227 1494 1374 1557 habuerit
1397 1515 1495 1578 super

229 1600 371 1684 quadam
395 1602 490 1664 vinea
513 1601 687 1684 producet;
712 1601 812 1684 ipsam
839 1614 946 1662 autem
963 1620 1091 1662 causam
1116 1601 1200 1663 idem
1219 1601 1358 1663 Iacobus
1381 1600 1422 1662 ad
1439 1621 1495 1663 an·

230 1709 339 1790 tiquos
362 1707 485 1789 judices
508 1706 693 1790 appellavit.

335 1813 415 1876 Item
439 1812 624 1874 Anthonius
647 1812 768 1894 juratus
791 1824 906 1873 octavo
930 1810 982 1872 dle
1015 1830 1071 1892 per
1095 1809 1235 1891 judicem
1258 1810 1441 1874 Iohannem
1465 1826 1496 1874 et

231 1919 446 1981 Laurencium
471 1918 619 1980 atestabit
642 1916 730 1998 quod
758 1916 818 1978 sibi
848 1916 936 1978 Ellas
958 1936 1075 1999 parvus
1106 1916 1250 1998 quinque
1282 1919 1495 1980 marciacum

230 2025 338 2087 media
363 2024 490 2085 debitor
513 2023 676 2085 extitisset.

336 2129 414 2191 Item
439 2149 532 2191 causa
567 2127 710 2211 GeorgiI,
743 2128 823 2211 Elye
856 2140 887 2189 et
916 2127 1113 2189 Wlhouiche
1144 2142 1191 2191 est
1220 2148 1276 2210 per
1307 2129 1496 2210 magistrum

229 2235 367 2297 Paulum
392 2235 432 2296 ad
456 2248 529 2297 octo
554 2235 622 2296 dies
645 2248 772 2315 recepta
796 2233 837 2294 ad
860 2252 983 2315 pacem.

247 2451 344 2526 lexin
373 2462 473 2526 sexta
500 2457 654 2544 proxima
682 2461 761 2525 ante
793 2454 917 2525 festum
945 2451 1174 2524 ExaltacionIs
1202 2460 1318 2524 sancte
1347 2455 1469 2526 crucis.

722 2600 788 2685 (10.
811 2602 1005 2684 septembris).

338 2764 447 2826 Primo
472 2755 546 2825 Elia¹
573 2761 734 2825 aurifaber
757 2762 888 2824 Vrbano
913 2762 945 2822 ln
978 2759 1151 2843 quindenis
1181 2779 1279 2820 unam
1313 2760 1496 2840 clamidem,

232 2891 299 2953 quo
324 2871 385 2932 sibi
411 2884 547 2947 tenetur,
572 2869 647 2930 dare
672 2869 768 2930 debet
792 2868 935 2930 indilate.

337 2975 415 3037 Item
440 2996 533 3037 causa
558 2974 692 3036 Hanche
717 2988 747 3035 et
772 2973 921 3055 Gregorii
950 2994 1060 3035 voscar
1084 2987 1132 3035 est
1154 2993 1211 3055 per
1234 2973 1390 3035 Jacobum
1415 2974 1495 3037 Bole

229 3095 261 3144 et
287 3081 480 3162 Gregorium
506 3081 622 3160 Angeli
646 3081 685 3141 ad
711 3094 784 3142 octo
809 3080 877 3141 dies
900 3093 1025 3162 recepta
1049 3079 1090 3140 ad
1114 3099 1236 3161 pacem.

338 3188 416 3248 Item
442 3186 559 3268 Gyuan
583 3186 743 3267 tegulator
770 3206 861 3247 suam
893 3187 1049 3248 caIcInam
1080 3186 1249 3247 incendere
1275 3187 1371 3250 debet
1394 3207 1496 3271 usque

232 3292 424 3373 quindenas,
450 3292 537 3371 quod
562 3292 587 3352 si
612 3311 677 3352 non
695 3291 873 3353 incenderit
889 3305 1004 3353 extunc
1021 3292 1168 3373 sequenti
1192 3292 1243 3352 die
1261 3292 1399 3355 Iacobus
1416 3295 1496 3357 Bole

233 3397 335 3478 ipsam
360 3395 530 3458 incendere
555 3397 696 3475 debebit,
721 3410 752 3458 et
781 3417 854 3458 suas
886 3417 1038 3478 expensas
1069 3417 1164 3479 super
1188 3398 1256 3479 ipsa
1281 3399 1402 3461 calcirta
1426 3421 1496 3463 ero-

230 3515 321 3582 gatas
344 3502 479 3563 liberam
503 3500 633 3562 habebit
656 3502 831 3583 recipiendi
849 3502 1043 3582 facultatem,
1067 3503 1286 3566 residuitatem
1311 3519 1420 3567 autem
1437 3527 1495 3588 pro

230 3606 345 3668 eodem
372 3605 489 3688 Gyuan
513 3607 737 3688 reIInquendo.

335 3710 414 3771 Item
427 3710 580 3772 Nicolaus
605 3710 725 3792 juratus
742 3727 852 3775 contra
874 3713 1054 3774 Iohannem
1070 3712 1173 3776 filium
1199 3713 1354 3777 Hermani
1379 3731 1494 3779 octavo

230 3814 282 3876 die
306 3815 523 3897 respondebit.

336 3922 413 3983 Item
447 3941 541 3983 causa
566 3923 718 4005 Stephani
744 3938 774 3986 et
795 3925 971 4007 Mychaelis
988 3924 1146 4006 Damyani
1172 3939 1218 3986 est
1241 3945 1298 4007 per
1323 3927 1495 3990 NIcolaum

230 4024 271 4086 ad
296 4040 369 4087 octo
394 4026 462 4088 dies
485 4043 611 4110 recepta
636 4029 675 4090 ad
699 4049 822 4111 pacem.

337 4130 414 4191 Item
441 4152 534 4194 causa
568 4134 653 4195 Luce
686 4134 815 4195 Bonioli
848 4148 879 4198 et
906 4134 1032 4196 Nicolai
1064 4133 1120 4195 filii
1153 4135 1270 4216 Angeli
1296 4150 1343 4198 est
1367 4157 1424 4219 per
1448 4138 1496 4219 ju·

231 4232 335 4294 dicem
360 4236 400 4296 ad
424 4251 497 4298 octo
522 4239 589 4298 dies
613 4253 783 4321 prorogata
808 4241 866 4300 sub
891 4239 994 4301 forma
1018 4238 1114 4301 fiendi
1139 4241 1236 4321 pacis.

337 4340 415 4403 Item
439 4343 592 4404 Nicolaus
608 4345 756 4405 sacerdos
773 4364 845 4406 cunt
864 4346 997 4407 domino
1016 4345 1144 4407 Donato
1168 4360 1199 4406 et
1216 4346 1380 4428 Stephano
1398 4368 1496 4411 asses·

230 4462 302 4505 sore
319 4460 432 4508 octavo
452 4448 504 4509 die
518 4450 665 4510 atestabit
681 4469 776 4530 super
790 4450 928 4531 quadarn
947 4470 1094 4532 sumpma
1111 4452 1246 4532 pecunie
1263 4466 1294 4512 et
1310 4453 1379 4514 eius
1395 4455 1495 4519 lucro.

336 4551 413 4613 Item
438 4553 592 4614 Nicolaus
615 4555 763 4616 sacerdos
787 4569 817 4615 et
841 4555 1003 4617 lohannes
1035 4570 1145 4619 contra
1169 4557 1341 4619 Nicolaum
1368 4558 1493 4623 Odolas

232 4667 346 4717 octavo
371 4657 422 4718 die
447 4656 584 4738 quilibet
600 4660 744 4740 ipsorum
768 4659 919 4740 jurabunt
935 4680 1029 4742 super
1046 4681 1096 4740 eo,
1120 4662 1209 4742 quod
1234 4663 1294 4745 ipsi
1319 4664 1352 4725 in
1369 4665 1494 4729 lucrum

231 4757 333 4821 imtam
356 4763 528 4844 pecuniam
553 4781 617 4824 non
642 4765 845 4845 recepissent.
