3472 5234
236 506 341 574 partes
365 512 493 575 queque
518 493 586 574 jura
610 495 745 556 literalia
769 495 939 557 habuerint
970 517 1079 559 coram
1110 499 1204 560 nobis
1239 499 1404 561 debebunt
1427 520 1499 583 pre·

237 611 380 675 sentare;
405 619 467 681 que
485 601 511 661 si
535 621 607 683 pars
626 621 690 662 non
712 603 950 683 presentaverit‚
972 618 1088 665 extunc
1113 605 1214 685 ipsam
1237 605 1357 667 nullius
1374 607 1499 668 roboris

236 704 376 786 amplius
400 704 593 784 afirmamus‚
617 727 721 788 neque
747 707 815 788 ipsa
838 707 878 770 de
907 723 1013 770 cetero
1038 710 1187 772 exhibere
1211 711 1340 773 valebit.

264 849 266 854 ·
342 812 420 873 Item
439 813 594 874 Martinus
607 827 718 875 contra
733 814 967 894 Margaretham
982 815 1087 896 primo
1104 815 1216 877 citatus
1230 835 1295 877 non
1309 817 1498 897 comparuit.

342 919 420 980 Item
444 939 538 981 causa
563 920 634 981 Elie
660 933 691 981 et
725 920 793 981 Kus
824 935 870 982 est
895 941 950 1001 per
980 921 1150 983 dommum
1182 922 1369 1005 Philippum
1393 938 1424 986 et
1447 925 1500 986 Jo-

235 1029 376 1090 hannem
401 1027 517 1088 Lieber
540 1025 580 1087 ad
605 1039 679 1088 octo
700 1027 768 1088 dies
791 1043 916 1110 recepta
942 1027 982 1089 ad
1006 1048 1129 1110 pacem.

342 1132 419 1193 Item
443 1132 597 1193 Nicolaus
621 1145 731 1193 contra
764 1133 983 1195 Alexandrum
1008 1134 1149 1196 secundo
1182 1135 1294 1197 citatus
1317 1155 1383 1198 non
1412 1156 1500 1198 com·

236 1239 352 1322 paruit.

343 1345 420 1405 Item
445 1343 591 1406 Thomas
615 1358 725 1405 contra
749 1344 915 1406 Elizabeth
946 1345 1051 1426 primo
1080 1347 1194 1407 citatus
1217 1366 1283 1408 non
1308 1349 1497 1430 comparuit.

341 1452 419 1514 Item
455 1450 586 1512 domina
623 1449 822 1531 Margaretha
853 1463 963 1512 contra
997 1450 1198 1534 Mychaelem
1230 1454 1373 1515 secundo
1404 1455 1499 1516 citata

237 1578 302 1620 non
327 1558 517 1640 comparuit.

340 1663 420 1725 Item
444 1663 596 1724 Nicolaus
620 1677 729 1724 contra
755 1663 924 1724 Marenum
948 1676 1062 1725 octavo
1087 1663 1139 1725 dle
1163 1665 1380 1746 respondebit.

342 1769 421 1831 Item
452 1789 546 1829 causa
580 1767 735 1830 Iohannis
767 1768 863 1830 Liber
894 1782 926 1831 et
964 1769 1109 1830 Mauricii
1144 1782 1192 1831 est
1222 1789 1278 1851 per
1310 1771 1499 1851 magistrum

237 1875 376 1938 Paulum
399 1875 438 1936 ad
463 1890 537 1936 octo
562 1874 631 1937 dies
655 1888 779 1956 recepta
805 1873 845 1934 ad
869 1894 993 1957 pacem.

341 1981 418 2043 Item
452 1980 613 2061 Georqus
636 1995 750 2041 octavo
776 1980 827 2042 die
852 2000 908 2061 per
932 1981 1120 2042 Budislaum
1152 1995 1183 2042 et
1208 1981 1408 2062 Stephanum
1433 1994 1500 2044 ate·

236 2086 343 2165 stabit,
368 2086 455 2167 quod
480 2087 585 2167 ipsum
610 2085 794 2148 Anthonius
817 2099 849 2147 et
871 2086 1020 2147 Vrbanus
1043 2087 1303 2168 vituperaverint.

345 2192 422 2255 Item
456 2190 607 2274 Bedycha
638 2205 749 2253 contra
788 2210 837 2252 ser
869 2192 1079 2253 Benedictum
1118 2190 1260 2253 secundo
1291 2192 1404 2254 citatus
1434 2212 1500 2255 non

238 2298 429 2380 comparuit.

342 2404 421 2466 Item
444 2404 559 2465 Tadeo
584 2416 615 2466 et
639 2404 725 2464 Elias
749 2417 860 2465 contra
886 2403 1088 2464 Anthonium
1112 2403 1251 2483 juratum
1274 2405 1380 2485 primo
1412 2404 1499 2467 citati

236 2529 301 2571 non
326 2525 585 2592 comparuerunt.

342 2617 419 2677 Item
445 2616 516 2676 Elia
540 2630 650 2677 contra
675 2615 840 2677 Vrbanam
864 2615 970 2696 prImo
994 2614 1107 2675 citatus
1131 2634 1196 2675 non
1218 2617 1408 2697 comparuit.

342 2722 420 2783 Item
445 2722 536 2783 Mark
560 2735 670 2783 contra
704 2721 904 2804 Mychaelem
935 2720 1040 2802 prImo
1065 2720 1179 2781 citatus
1210 2740 1275 2781 non
1309 2724 1500 2803 comparuit.

343 2828 420 2889 Item
437 2848 532 2889 causa
557 2826 713 2888 Anthonii
738 2841 769 2887 et
792 2826 947 2888 Iohannis
972 2839 1018 2886 est
1045 2845 1101 2906 per
1125 2825 1296 2887 NIcoIaum
1322 2825 1446 2888 Odolas
1471 2843 1502 2890 et

237 2933 430 2995 Mauricium
454 2932 494 2993 ad
518 2945 592 2994 octo
617 2932 685 2993 dies
710 2946 835 3013 recepta
860 2933 899 2993 ad
925 2950 1048 3013 pacem.

343 3039 420 3099 Item
445 3038 521 3099 luan
546 3052 656 3099 contra
681 3043 857 3118 Agnessam
881 3038 986 3119 primo
1017 3037 1130 3098 citatus
1154 3057 1219 3098 non
1244 3037 1433 3118 comparuit.

343 3144 421 3205 Item
446 3145 621 3205 Mauricius
652 3157 763 3205 contra
796 3141 989 3223 Gregorium
1018 3162 1129 3204 voscar
1159 3143 1264 3224 prImo
1288 3143 1402 3203 citatus
1434 3162 1499 3203 non

238 3250 429 3332 comparuit.

343 3354 420 3415 Item
446 3353 591 3415 Thomas
616 3367 726 3415 contra
751 3353 897 3436 Mathyas
920 3368 1035 3415 octavo
1060 3354 1112 3415 dle
1137 3353 1353 3434 respondebit.

343 3460 420 3520 Item
444 3479 538 3520 causa
564 3459 687 3519 domini
713 3459 839 3520 Nicolai
861 3459 1035 3521 sacerdotis
1068 3472 1099 3520 et
1123 3458 1214 3519 Pauli
1240 3459 1349 3540 Kypar
1373 3471 1420 3520 est
1443 3478 1501 3541 per

237 3565 419 3627 Iohannem
445 3566 552 3641 Liber,
576 3566 763 3645 magistrum
782 3565 918 3626 Paulum
936 3579 967 3627 et
984 3564 1161 3645 Georgium
1184 3564 1345 3626 literatum
1369 3564 1408 3625 ad
1426 3578 1500 3626 octo

237 3671 306 3733 dies
330 3684 455 3752 recepta
480 3670 520 3730 ad
545 3690 669 3752 pacem.

343 3776 421 3838 Item
457 3777 615 3839 Renarius
649 3790 758 3838 contra
794 3777 994 3838 Anthonium
1030 3777 1168 3857 juratum
1208 3789 1321 3837 octavo
1358 3775 1409 3838 die
1451 3795 1501 3837 re-

236 3881 418 3962 spondebit.

341 3986 420 4048 Item
445 3987 555 4047 Petrus
584 3987 683 4049 decan
712 4002 822 4050 contra
856 3988 1041 4050 Ladislaum
1071 3987 1210 4068 juratum
1244 3988 1349 4070 primo
1381 3988 1498 4050 citatus

236 4111 300 4152 non
327 4093 516 4173 comparuit.

342 4199 419 4260 Item
445 4200 614 4282 Rybarych
646 4215 756 4262 contra
788 4202 895 4262 Eliam
925 4198 1123 4261 aurifabrum
1156 4201 1260 4281 primo
1286 4201 1400 4262 citatus
1432 4221 1498 4263 non

237 4305 427 4385 comparuit.

343 4410 420 4471 Item
446 4411 626 4492 Stephanus
650 4411 804 4472 salIIvena
829 4424 938 4472 contra
970 4410 1103 4471 luanum
1129 4410 1168 4471 de
1194 4411 1305 4472 Lonka
1329 4411 1435 4492 primo
1458 4412 1501 4472 ci·

235 4527 320 4574 tatus
343 4534 409 4576 non
433 4518 624 4598 comparuit.

233 4657 235 4666 ι
342 4620 419 4681 Item
445 4621 591 4704 Mychael
616 4635 725 4684 contra
751 4623 938 4705 magistrum
970 4619 1129 4683 Janchech
1163 4621 1267 4702 primo
1292 4621 1406 4683 citatus
1430 4641 1497 4685 non

233 4727 425 4806 comparuit.
