3472 5234
628 291 714 349 Anno
737 263 823 367 1375.
850 322 889 332 -
908 302 965 365 30.
989 289 1097 346 martii.
1465 306 1498 365 15

236 500 333 563 uariis
356 520 458 583 usque
483 498 599 563 festum
618 498 818 561 Pethecostes
841 517 927 559 nunc
955 511 1124 559 venturum
1148 497 1305 559 redimere
1330 497 1502 578 assumpsit

236 620 268 670 et
291 607 432 670 debebit.

342 714 422 775 Item
446 711 600 775 MalinIch
624 724 734 773 contra
750 709 951 771 Anthonium
975 708 1080 791 primo
1097 708 1210 772 citatus
1228 728 1293 770 nou
1311 708 1501 790 comparuit.

342 819 420 882 Item
445 817 602 881 Martinus
625 816 756 899 sellipar
779 828 889 878 contra
911 814 1091 897 Georgium
1116 812 1313 876 aurifabrum
1336 814 1441 896 primo
1459 813 1501 875 ci·

236 937 320 988 tatus
342 945 409 987 non
433 925 623 1008 comparuit.

341 1031 419 1092 Item
450 1031 529 1093 Wlk
570 1028 809 1092 molendinator
840 1041 872 1091 et
902 1026 1149 1089 Hazarenouich
1189 1043 1298 1090 contra
1330 1027 1501 1090 Nicolaum

235 1135 337 1215 filium
361 1136 487 1199 Nicolai
512 1137 617 1219 prImo
641 1135 727 1198 citati
753 1155 818 1197 non
842 1148 1102 1216 comparuerunt.

340 1243 418 1305 Item
443 1262 537 1305 causa
562 1242 694 1325 Georgii
712 1253 742 1303 et
766 1240 923 1302 Anthonii
940 1254 986 1302 est
1003 1255 1174 1323 prorogata
1191 1253 1321 1323 propter
1344 1239 1501 1322 majorem

235 1347 461 1410 certitudinem
484 1367 632 1430 quosque
656 1348 742 1429 ipsos
765 1345 905 1409 florenos
932 1347 1211 1428 perscrutaverint‚
1234 1366 1301 1428 quo
1324 1345 1426 1427 finito,
1446 1346 1501 1409 de·

234 1454 389 1517 cisionem
412 1453 566 1516 faciemus
589 1454 672 1517 inter
695 1467 811 1537 partes.

340 1560 418 1622 Item
443 1559 568 1622 Malech
585 1558 726 1623 carnifex
743 1572 853 1622 contra
871 1559 1075 1622 Clementem
1092 1574 1233 1622 sutorem
1256 1560 1363 1642 primo
1387 1560 1502 1623 citatus

237 1684 303 1727 non
327 1665 517 1748 comparuit.

340 1773 417 1836 Item
444 1772 592 1854 Mychael
608 1773 766 1856 Damyani
784 1784 894 1835 contra
919 1771 1083 1835 Thomam
1099 1785 1241 1834 sutorem
1257 1771 1363 1853 prImo
1387 1771 1501 1834 citatus

237 1897 302 1940 uon
326 1878 516 1960 comparuit.

339 1983 419 2046 Item
443 1983 593 2046 MicIInus
616 1997 726 2047 contra
751 1984 909 2046 Iacobum
931 1984 1144 2066 gladiatorem
1169 1983 1275 2066 primo
1298 1983 1411 2046 citatus
1435 2003 1500 2046 non

236 2091 423 2174 comparuit.

340 2195 419 2258 Item
443 2194 603 2278 Georgius
637 2210 746 2259 contra
772 2195 898 2279 Herryh
922 2195 1092 2279 pellificem
1117 2209 1231 2257 octavo
1255 2195 1306 2257 die
1330 2215 1363 2256 se
1385 2196 1502 2257 tercIus

234 2299 352 2383 jurabit
375 2302 409 2363 in
432 2320 482 2382 eo,
506 2302 595 2385 quod
620 2302 724 2385 ipsum
749 2302 781 2363 in
806 2303 909 2385 capite
933 2301 1142 2363 vulnerasset.

340 2409 420 2472 Item
444 2408 603 2470 Jauchech
628 2407 789 2471 aurifaber
811 2421 921 2470 contra
950 2408 1174 2469 Sebastianum
1200 2407 1336 2469 condam
1361 2407 1501 2489 judIcem

234 2515 339 2598 prImo
362 2515 475 2576 citatus
497 2534 564 2576 non
589 2515 777 2596 comparuit.

339 2619 418 2683 Item
451 2634 565 2683 octavo
597 2620 649 2683 dIe
680 2620 842 2682 Barnabas
871 2620 1019 2682 sacerdos
1050 2620 1197 2682 atestabit
1227 2618 1386 2700 quidquid
1419 2619 1501 2681 inter

235 2727 401 2790 Simonem
426 2726 607 2789 carnificem
632 2739 663 2789 et
686 2726 866 2789 Iohannem
890 2727 967 2789 sciet
990 2727 1059 2788 sine
1083 2724 1206 2787 fraude.

340 2834 418 2895 Item
451 2832 583 2895 domina
615 2837 709 2894 Anna
745 2851 883 2895 noverca
918 2833 1017 2894 Marci
1042 2831 1099 2894 filii
1136 2831 1272 2915 Mykech
1297 2843 1411 2894 octavo
1447 2831 1499 2893 die

235 2951 344 3001 contra
368 2938 508 3001 eundem
533 2939 680 3001 Marium
704 2959 737 3000 se
770 2939 867 3000 tercia
894 2937 1012 3019 jurabit
1044 2939 1075 2999 in
1101 2957 1151 3016 e0,
1184 2937 1271 3018 quod
1297 2939 1380 3000 bona
1403 2939 1501 3019 patris

234 3044 283 3107 sui
307 3045 374 3128 ipsa
397 3064 509 3127 perse
534 3045 584 3107 vel
606 3065 662 3128 per
683 3045 784 3107 alium
808 3043 926 3106 auferri
951 3057 982 3106 et
1005 3044 1158 3126 asportari
1182 3063 1249 3105 non
1273 3041 1407 3104 fecisset.

338 3151 416 3213 Item
440 3150 554 3213 eadem
578 3149 710 3213 domina
733 3154 828 3211 Anna
852 3148 1043 3211 secundario
1061 3148 1176 3211 eodem
1201 3148 1253 3211 die
1277 3148 1395 3229 jurabit
1418 3147 1499 3210 duo·

234 3257 339 3320 decim
363 3258 507 3340 personis
530 3271 640 3320 contra
665 3257 805 3319 eundem
831 3257 982 3318 Maritum
1006 3256 1038 3316 io
1063 3275 1112 3331 eo,
1138 3254 1226 3336 quod
1250 3274 1340 3316 suam
1365 3254 1500 3317 domum

234 3382 299 3425 non
313 3363 506 3426 devastasset
516 3376 547 3424 et
554 3363 725 3445 pecuniam
737 3382 803 3425 non
814 3363 984 3444 recepisset
995 3382 1003 3438 3
1013 3375 1139 3443 recepta
1149 3375 1256 3423 autem
1270 3361 1345 3422 dare
1358 3360 1499 3424 debebit.

339 3470 418 3532 Item
442 3468 505 3532 Vid
531 3469 624 3532 Zalar
647 3469 863 3541 juramentum
886 3488 919 3530 se
955 3482 1061 3529 sextus
1085 3479 1119 3529 ut
1143 3467 1255 3528 debuit
1279 3466 1500 3548 sollempniter

234 3575 393 3657 deposuit,
416 3574 505 3657 quod
530 3575 597 3657 ipse
620 3574 800 3636 voluntarie
824 3575 985 3636 civitatem
1008 3593 1074 3635 non
1099 3573 1302 3636 incendisset.

339 3681 417 3743 Item
435 3679 689 3761 adjudicavimus
706 3680 799 3741 Petro
817 3680 925 3742 Kurch
942 3691 1087 3761 quartam
1105 3693 1227 3762 partem
1246 3679 1311 3740 vini
1329 3677 1496 3740 cuiusdam

231 3786 365 3866 tunelle,
380 3805 443 3869 que
456 3801 503 3848 est
519 3787 552 3848 in
564 3786 694 3848 cellario
707 3786 816 3848 relicte
834 3785 987 3869 Stephani
1005 3785 1082 3847 dicti
1100 3785 1220 3864 Bazou,
1237 3783 1371 3847 domine
1388 3783 1495 3847 Flore.

337 3892 415 3954 Item
439 3912 533 3954 causa
557 3891 701 3954 Franche
725 3906 757 3954 et
778 3910 834 3953 sue
858 3892 977 3954 sororis
1000 3890 1100 3953 estad
1124 3904 1198 3953 octo
1222 3891 1290 3952 dies
1314 3904 1496 3973 prorogata.

338 3998 417 4061 Item
441 4018 534 4061 causa
565 3999 691 4061 Nicolai
723 4013 754 4060 et
783 3998 902 4060 Batiste
934 4012 980 4059 est
1003 4017 1059 4080 per
1094 3997 1235 4079 judicem
1267 3997 1307 4058 ad
1331 4011 1405 4060 octo
1429 3996 1497 4058 dies

234 4118 404 4186 prorogata
429 4105 468 4166 ad
493 4105 659 4167 arbitrium
684 4104 827 4186 judicum
852 4107 1071 4187 antIquorum.

341 4210 420 4273 Item
451 4210 572 4293 Symon
613 4229 672 4293 pro
702 4209 844 4292 quodam
877 4213 960 4274 bove
990 4231 1024 4273 se
1060 4210 1283 4291 sollempniter
1314 4209 1501 4292 expurgavit

236 4335 332 4398 quem
357 4316 490 4398 quidam
515 4315 645 4398 jobagio
670 4316 795 4378 comitis
819 4316 902 4379 Petri
925 4316 981 4379 filii
1006 4316 1117 4378 Puuek
1141 4328 1342 4378 arestaverat.

340 4422 418 4484 Item
442 4442 535 4485 causa
551 4423 713 4485 Valentini
731 4437 762 4484 et
779 4421 969 4506 Mosnarycb
987 4436 1032 4483 est
1047 4441 1105 4503 per
1121 4420 1312 4500 Iohannem,
1329 4420 1496 4482 Thomam

235 4539 266 4589 et
290 4526 491 4591 Clementem
516 4527 556 4590 ad
581 4542 654 4590 octo
679 4528 747 4590 dies
770 4542 897 4611 recepta
921 4528 975 4590 ad·
984 4547 1107 4610 pacem.

339 4634 419 4698 Item
444 4633 562 4697 Mahna
585 4647 698 4697 octavo
722 4635 773 4697 die
804 4635 873 4697 sola
902 4653 1037 4717 persona
1069 4644 1178 4694 contra
1202 4633 1372 4695 Marenum
1395 4631 1499 4695 filium

236 4740 359 4804 Mareni
383 4740 500 4824 jurabit
522 4741 555 4802 iu
580 4760 631 4821 eo,
654 4740 744 4822 quod
767 4741 827 4802 sibi
852 4741 885 4802 in
909 4740 1020 4802 decem
1044 4739 1170 4801 cubulis
1194 4739 1258 4801 vini
1283 4752 1455 4802 teneretur.
