3472 5234
1438 309 1494 390 361

339 523 418 584 Item
453 541 548 584 causa
580 520 695 604 judicis
724 532 834 582 contra
866 519 1047 583 Johannem
1078 520 1119 583 ad
1152 534 1302 583 octavum
1336 521 1422 583 diem
1455 534 1502 582 cst

239 641 421 710 prorogata.

341 736 420 797 Item
445 733 631 797 Anthonius
654 733 788 817 Jursych
816 747 930 796 octavo
955 732 1007 796 die
1038 734 1180 796 secundo
1212 755 1245 796 se
1269 754 1366 818 super
1389 755 1428 797 eo
1452 733 1500 816 ju·

235 841 328 921 rabit,
353 842 442 923 quod
467 841 534 924 ipse
560 842 599 903 de
625 841 734 903 debito
758 855 879 923 septem
898 859 1089 920 marcarum,
1113 841 1231 923 quibus
1255 841 1367 904 lratres
1384 841 1501 904 Valen-

235 946 295 1008 tini
314 947 390 1008 dicti
409 947 534 1008 Berend
553 946 715 1009 debitores
731 944 865 1007 luissent
888 945 985 1007 nichil
1002 947 1182 1029 recepisset,
1200 962 1231 1009 et
1254 948 1342 1029 quod
1359 948 1499 1029 quedam

235 1052 327 1114 litere
351 1052 412 1114 sibi
438 1052 639 1134 inpignorate
665 1051 815 1129 luissent;
848 1051 915 1134 ipse
941 1051 1130 1114 Valentinus
1161 1054 1279 1115 dictam
1304 1073 1433 1115 causam
1459 1052 1500 1114 ad

234 1158 388 1240 antiquos
412 1158 534 1241 judices
556 1158 741 1240 appellavit.

343 1263 421 1326 Item
451 1264 641 1326 Valentinus
672 1263 775 1325 dictus
807 1263 932 1326 Berend
966 1279 1081 1326 octavo
1105 1264 1158 1326 die
1190 1283 1285 1348 super
1309 1284 1348 1326 eo
1372 1263 1500 1346 jurabit,

237 1370 327 1452 quod
353 1369 555 1432 Anthonium
579 1369 713 1452 Jursych
736 1369 912 1451 quemdam
930 1371 1047 1432 bovem
1068 1383 1099 1431 et
1122 1370 1227 1452 ipsum
1252 1371 1368 1431 bovem
1393 1385 1501 1431 custus

236 1477 400 1540 habuisset
424 1496 490 1538 non
514 1476 688 1558 petivisset.
713 1478 786 1554 (sic).

342 1601 420 1663 ltem
446 1600 532 1662 lwan
557 1615 645 1663 sutor
669 1601 768 1662 tercio
791 1621 824 1663 se
855 1614 970 1664 octavo
994 1601 1046 1662 die
1077 1621 1172 1682 super
1196 1621 1236 1664 eo
1260 1600 1386 1684 jurabit,
1411 1602 1500 1683 quod

235 1707 303 1789 ipse
317 1720 427 1769 contra
440 1707 652 1769 Benedictum
669 1721 810 1769 sutorem
824 1708 856 1768 in
874 1707 1015 1788 quodam
1033 1706 1117 1769 lacto
1130 1706 1216 1770 lurto
1235 1708 1389 1770 innocens
1409 1721 1500 1770 esset.

344 1813 421 1875 ltem
447 1813 609 1875 Fabianus
633 1813 775 1875 secundo
799 1832 832 1875 se
864 1833 959 1896 super
983 1833 1022 1876 eo
1045 1812 1164 1894 jurabit
1195 1813 1283 1895 quod
1308 1814 1411 1896 ipsum
1438 1814 1499 1875 Bo·

235 1918 375 2002 zoulych
403 1919 611 1983 vulnerasset.

341 2026 419 2088 ltem
439 2045 533 2088 causa
551 2027 696 2088 Mauricii
715 2040 825 2088 contra
842 2025 1023 2089 Johannem
1040 2025 1141 2088 filium
1161 2027 1270 2089 militis
1292 2025 1332 2087 ad
1349 2039 1498 2088 octavum

235 2131 322 2193 diem
347 2132 387 2194 ad
412 2151 523 2214 pacem
548 2147 595 2194 est
617 2146 798 2215 prorogata.
1197 2141 1199 2144 ’

344 2238 421 2300 ltem
447 2250 553 2300 custos
566 2253 676 2300 contra
690 2240 845 2301 Jacobum
859 2236 1031 2321 pellificem
1045 2236 1209 2319 injudicio
1226 2257 1291 2300 non
1308 2238 1498 2320 comparuit.

342 2345 420 2406 ltem
453 2345 542 2426 quod
574 2345 650 2426 quia
682 2344 835 2407 Nicolaus
867 2343 1029 2427 Glesnyalr
1067 2344 1288 2407 testimonium
1321 2344 1498 2426 producere

234 2450 354 2512 debens
378 2469 442 2512 non
468 2450 619 2532 produxit
644 2464 756 2512 contra
780 2449 900 2530 Mathe,
924 2449 999 2512 ideo
1023 2469 1152 2512 causam
1176 2469 1267 2512 suam
1292 2449 1444 2533 perdidit.

382 2684 479 2760 Feria
507 2693 606 2758 sexta
634 2690 788 2777 proxima
816 2695 894 2777 post
920 2688 1043 2760 festum
1071 2687 1162 2759 beati
1190 2686 1343 2759 Dionlsli.

339 2858 416 2919 ltem
429 2856 578 2939 Mychael
591 2856 676 2918 filius
694 2857 842 2918 Damiani
860 2877 917 2940 per
934 2858 1099 2919 dominam
1118 2856 1252 2919 Elenam
1266 2868 1298 2917 et
1314 2853 1495 2917 Johannem

233 2964 294 3026 hoc
318 2963 475 3042 atestabit‚
500 2962 588 3045 quod
621 2963 726 3045 ipsum
759 2964 871 3025 Petrus
902 2962 1080 3026 interficere
1109 2963 1274 3041 voluisset,
1307 2975 1337 3023 et
1360 2960 1422 3024 hoc
1447 2981 1499 3024 oc·

234 3084 308 3132 taro
334 3070 397 3133 die.

341 3176 419 3238 ltem
452 3175 584 3237 domina
618 3175 728 3238 relicta
753 3175 844 3237 Pauli
879 3194 936 3259 per
967 3175 1170 3258 Mychaelem
1202 3174 1437 3257 carpentarium
1471 3189 1502 3236 et

234 3283 372 3345 Paulum
396 3279 593 3343 aurifabrum
618 3281 680 3343 hoc
704 3282 860 3360 atestabit‚
884 3281 972 3364 quod
998 3283 1099 3364 ipsam
1133 3281 1252 3344 Paulus
1275 3299 1348 3343 cum
1374 3280 1441 3343 filio
1467 3294 1498 3342 et

233 3388 298 3452 filia
323 3390 551 3451 verberassent.

340 3495 418 3557 ltem
444 3495 563 3557 Paulus
580 3494 775 3556 Merichicha
792 3508 902 3557 contra
920 3493 1154 3576 Margaretham
1170 3495 1276 3576 primo
1300 3493 1414 3556 citatus
1430 3512 1495 3555 uon

234 3601 426 3686 comparuit.

340 3708 420 3769 Item
446 3707 600 3770 Scitarich
625 3720 736 3769 contra
760 3708 900 3770 Brumen
925 3707 1030 3789 primo
1065 3706 1179 3768 citatus
1218 3726 1283 3769 non
1308 3705 1498 3789 comparuit.

339 3813 417 3875 ltem
442 3813 527 3875 lwan
553 3813 705 3897 Loytrich
730 3828 839 3875 contra
868 3812 1048 3875 Johannem
1073 3812 1175 3875 hlium
1209 3813 1292 3874 Petri
1318 3812 1423 3895 primo
1456 3811 1499 3873 ci·

233 3931 316 3979 tatus
341 3937 405 3979 non
431 3920 622 4001 comparuit.

342 4022 419 4084 ltem
445 4043 539 4086 causa
564 4025 686 4086 Mareni
711 4025 803 4106 jurati
828 4038 938 4088 contra
962 4024 1149 4108 Bozoulych
1174 4023 1215 4085 ad
1239 4037 1388 4086 octavum
1413 4022 1500 4086 diem

233 4127 273 4191 ad
297 4146 410 4210 pacem
436 4142 483 4190 est
507 4144 644 4212 recepta.

341 4235 418 4296 ltem
444 4254 536 4296 causa
562 4235 709 4296 Mauricii
735 4249 843 4297 contra
869 4236 1086 4318 Dragozlaum
1110 4237 1150 4299 ad
1174 4250 1324 4299 octavum
1349 4237 1435 4300 diem
1460 4238 1499 4300 ad

234 4360 346 4425 pacem
371 4353 418 4403 est
442 4354 578 4424 recepta.

342 4447 419 4509 ltem
444 4447 596 4509 Nicolaus
620 4445 706 4508 filius
729 4446 877 4509 Matheus
901 4462 1011 4510 contra
1044 4447 1224 4512 Johannem
1249 4450 1354 4531 primo
1386 4449 1500 4513 citatus

235 4572 300 4615 non
325 4554 516 4636 comparuit.

342 4660 418 4722 ltem
444 4680 539 4722 causa
563 4659 719 4723 Johannis
735 4659 792 4721 filii
817 4658 944 4722 Nicolai
962 4673 1072 4721 contra
1089 4659 1269 4723 Johannem
1286 4659 1390 4722 filium
1408 4661 1499 4723 Pauli

235 4780 266 4830 et
290 4766 493 4852 Mychaelem
517 4813 524 4830 .
550 4813 558 4829 .
583 4766 622 4828 ad
647 4778 798 4829 octavum
823 4765 909 4828 diem
932 4765 973 4827 ad
998 4785 1109 4849 pacem
1133 4780 1181 4829 est
1204 4778 1341 4850 recepta.
