3472 5234
243 323 305 384 ²50
621 301 822 381 Ann01385.
848 338 888 347 -
912 300 963 366 18.
987 307 1114 378 augusti.

348 516 425 577 Item
450 515 547 598 Myke
578 528 688 576 contra
719 515 927 576 Dominicum
960 515 1088 596 nigrum
1118 514 1259 576 secundo
1294 515 1407 576 citatus
1439 535 1506 577 non

241 621 431 704 comparuit.

349 728 428 790 Item
453 727 584 788 domina
606 730 699 787 Anna
724 727 833 788 relicta
858 727 978 789 Polaua
1003 742 1112 788 contra
1145 726 1338 788 Dam'ianum
1363 724 1505 787 secundo

241 835 335 896 citata
358 854 423 895 ηοω
448 833 638 915 comparuit.

346 958 425 1020 ltem
443 957 625 1018 Anthonius
641 939 797 1018 litteratus
814 976 869 1038 per
890 957 1046 1017 Jacobum
1063 955 1142 1017 Bole
1165 968 1196 1016 et
1212 953 1372 1016 Wrouich
1388 968 1503 1016 octavo

241 1064 292 1125 die
317 1063 377 1125 hoc
401 1063 569 1139 atestabit,
594 1061 682 1144 quod
707 1062 813 1143 ipsum
843 1061 1006 1123 Johannes
1028 1060 1114 1123 lilius
1138 1060 1256 1122 Donati
1288 1060 1504 1141 percussisset.

346 1187 424 1248 ltem
450 1185 602 1248 Clemens
626 1199 735 1247 contra
760 1185 906 1246 Marcum
934 1183 1037 1246 filiurn
1061 1183 1199 1267 Mykech
1223 1183 1366 1245 secundo
1390 1183 1504 1245 citatus

240 1312 305 1354 ηοω
330 1292 519 1374 comparuit.

345 1398 423 1460 Item
447 1398 602 1480 Baboyeb
626 1410 736 1458 contra
761 1395 940 1477 Georgium
964 1396 1069 1478 primo
1094 1396 1208 1458 citatus
1225 1416 1290 1457 ηοω
1315 1396 1505 1478 comparuit.

345 1503 424 1566 Item
457 1502 565 1565 Mathe
597 1502 739 1564 secundo
771 1522 803 1563 se
835 1515 949 1563 octavo
981 1501 1033 1562 die
1065 1521 1160 1583 super
1193 1521 1232 1563 eo
1263 1502 1391 1584 jurabit,
1415 1500 1504 1583 quod

239 1610 306 1693 ipse
331 1610 440 1672 Endre
465 1629 530 1671 non
555 1609 764 1691 vituperasset
787 1627 892 1690 neque
920 1607 1029 1689 aliqua
1062 1607 1156 1669 dolea
1180 1611 1220 1669 ab
1245 1627 1284 1669 eo
1308 1607 1349 1669 ad
1373 1626 1503 1669 conces·

239 1716 364 1778 sionem
391 1716 571 1796 recepisset.

344 1821 423 1883 ltem
449 1820 596 1904 Mychael
622 1819 710 1882 faber
743 1821 775 1882 iu
807 1818 890 1882 facto
923 1821 1184 1903 interempcionis
1216 1820 1290 1901 equi
1325 1819 1502 1903 Mychaelis

239 1927 295 1989 filii
322 1927 500 1989 Stachunar
524 1928 679 1988 innocens
703 1939 748 1988 est
772 1939 930 2008 repertus,
957 1925 1031 1987 ideo
1056 1926 1276 1987 commisimus
1300 1926 1405 2009 ipsum
1429 1927 1500 2008 My·

239 2032 382 2095 chaelem
407 2031 534 2094 fabrum
558 2032 753 2114 expeditum.

345 2138 423 2201 ltem
441 2138 598 2200 Martinus
622 2138 838 2219 carpentarius
854 2150 964 2199 contra
981 2138 1162 2199 Barnabam
1179 2138 1378 2200 sacerdotem
1395 2136 1499 2219 primo

239 2244 352 2305 citatus
376 2263 442 2305 ηοω
468 2243 657 2325 comparuit.

344 2369 422 2431 ltem
446 2368 535 2449 quod
559 2368 634 2449 quia
660 2417 666 2430 .
693 2413 700 2428 .
725 2367 855 2449 jobagio
887 2368 1028 2448 magistri
1062 2370 1150 2429 Altus
1174 2368 1207 2428 in
1239 2368 1399 2428 Rakonuk
1424 2367 1501 2428 resi·

238 2475 317 2537 dens
350 2489 504 2556 tauquam
536 2487 624 2537 actor
655 2487 764 2535 contra
796 2473 966 2535 Nicolaum
998 2473 1101 2535 filium
1134 2473 1258 2535 Odolas
1287 2473 1320 2534 in
1345 2471 1429 2535 facto
1453 2493 1502 2534 re-

238 2581 467 2664 captivacionis
491 2580 659 2642 cuiusdam
680 2580 772 2642 bovis
797 2580 880 2641 binis
897 2580 1020 2642 vicibus
1044 2579 1083 2641 ad
1108 2579 1217 2641 sedem
1242 2579 1443 2661 judiciariam
1469 2580 1501 2640 in

238 2702 382 2749 nostrum
400 2687 557 2768 judicium
575 2706 641 2747 ηοη
665 2687 753 2748 venit
769 2705 875 2767 neque
893 2686 989 2764 misit,
1007 2686 1080 2748 ideo
1098 2706 1226 2748 causam
1243 2706 1334 2747 suam
1351 2686 1502 2769 perdidit.

344 2812 422 2873 ltem
448 2812 640 2873 Benedictus
672 2812 798 2872 Mezera
830 2830 931 2891 usque
963 2810 1143 2892 quindenas
1173 2810 1303 2872 Andree
1335 2809 1501 2892 jobagioni

239 2918 374 3001 Myklini
399 2917 479 2979 duas
502 2937 624 2978 marcas
649 2931 679 2978 et
703 2930 833 2978 centurn
857 2916 1007 2977 denarios
1038 2936 1096 2998 pro
1121 2916 1326 2997 percussione
1354 2915 1498 2977 eiusdem

238 3044 337 3105 usque
361 3024 562 3104 sanguinem,
587 3023 674 3102 quod
699 3022 786 3084 solus
811 3042 876 3083 non
901 3023 1039 3103 negavit,
1063 3023 1188 3084 solvere
1213 3022 1319 3084 debet.

343 3129 421 3190 ltem
443 3129 529 3190 idem
563 3129 689 3189 Mezera
722 3141 837 3188 octavo
870 3129 921 3188 die
954 3128 1096 3190 secundo
1125 3149 1157 3190 se
1189 3148 1285 3210 super
1309 3148 1347 3189 eo
1372 3128 1499 3209 jurabit,

237 3235 325 3318 quod
349 3236 416 3317 ipse
441 3234 641 3295 Demetrium
667 3253 732 3294 non
756 3235 960 3314 percussisset
988 3254 1092 3316 neque
1117 3236 1336 3316 vituperasset.

342 3358 421 3419 ltem
448 3358 559 3418 Petrus
584 3357 746 3439 Scornych
771 3371 885 3418 octavo
910 3357 961 3418 die
994 3379 1049 3440 per
1073 3359 1300 3439 Dragozlaum‚
1328 3358 1441 3440 Cygan
1467 3369 1499 3419 et

238 3466 333 3525 Loter
356 3463 417 3524 hoc
449 3463 612 3540 atestabit‚
646 3461 734 3542 quod
766 3463 833 3543 ipse
865 3463 1021 3545 Zekyrich
1053 3484 1117 3525 non
1150 3465 1356 3546 percussisset
1390 3483 1496 3544 neque

237 3570 456 3651 vituperasset.

340 3674 418 3735 Item
443 3693 536 3734 causa
561 3672 715 3734 Johannis
739 3671 885 3754 pellificis
917 3688 1026 3735 contra
1051 3676 1134 3737 Rees
1164 3676 1204 3737 ad
1229 3690 1379 3737 octavum
1404 3674 1491 3736 diem

236 3779 275 3841 ad
301 3799 412 3862 pacem
438 3793 484 3841 est
507 3792 643 3860 recepta.

342 3884 420 3946 ltem
445 3884 554 3945 Bartol
579 3899 610 3945 et
630 3882 792 3945 Johannes
815 3898 925 3946 contra
944 3886 1072 3947 Petrum
1097 3888 1201 3969 primo
1219 3888 1304 3948 citati
1330 3907 1394 3948 non
1413 3906 1500 3948 corn·

236 4004 419 4071 paruerunt.

341 4096 419 4157 Item
452 4097 602 4157 Marenus
634 4110 747 4158 octavo
780 4096 831 4157 die
865 4117 960 4179 super
992 4119 1030 4160 eo
1063 4099 1190 4180 jurabit,
1221 4099 1309 4179 quod
1342 4100 1408 4181 ipse
1440 4117 1499 4181 pro

235 4215 374 4281 quatuor
398 4202 505 4282 pensis
529 4201 695 4263 Anthonio
720 4202 887 4264 fideiussor
911 4224 975 4265 ηοω
1001 4204 1121 4268 luisset.

343 4304 421 4366 ltem
446 4306 531 4367 idem
565 4308 714 4369 Marenus
746 4323 861 4370 octavo
893 4311 944 4371 die
969 4331 1064 4392 super
1089 4332 1127 4373 eo
1159 4313 1286 4393 jurabit,
1310 4312 1399 4393 quod
1432 4313 1498 4393 ipse

235 4406 362 4488 (unum)
388 4412 528 4472 mensale
553 4413 708 4475 Anthonii
734 4434 798 4475 non
823 4414 994 4478 habuisset.

346 4532 423 4594 ltem
448 4534 630 4597 Anthonius
653 4536 775 4616 juratus
797 4557 892 4620 super
920 4559 958 4600 eo
983 4539 1110 4619 jurabit,
1142 4540 1231 4621 quod
1256 4540 1323 4622 ipse
1348 4560 1414 4601 non
1438 4560 1496 4623 pro

236 4635 349 4698 cariori
374 4639 481 4719 precio
505 4639 704 4723 quemldam)
737 4644 853 4705 bovem
881 4645 1003 4706 Mareni
1036 4646 1094 4706 nisi
1120 4665 1179 4728 pro
1211 4645 1338 4707 duobus
1372 4646 1498 4707 cubulis

233 4737 384 4804 frumenti
402 4742 554 4826 (emisset)
572 4758 603 4807 et
619 4745 704 4808 idem
723 4748 833 4810 Maren
850 4749 911 4811 sibi
928 4749 1056 4811 duobus
1073 4750 1198 4813 cubulis
1221 4750 1347 4813 debitor
1371 4752 1495 4815 existat.
