3472 5234
1431 292 1492 373 363

336 508 414 569 Item
432 553 440 570 .
457 556 465 571 .
483 506 658 570 Cordarich
676 519 786 570 contra
807 507 939 568 Iuanam
963 505 1068 588 prImo
1085 505 1199 567 citatus
1216 523 1281 565 non
1298 505 1488 587 comparuit.

341 612 419 675 ltem
451 633 544 677 causa
569 613 724 676 Iohannis
740 626 771 675 et
796 611 943 694 Gregorii
968 609 1061 674 Cifus
1093 624 1202 673 contra
1228 610 1420 672 Michaelem
1452 609 1492 671 ad

233 733 307 782 octo
333 718 401 780 dies
425 720 534 782 estad
559 738 672 803 pacem
697 732 834 801 recepta.

338 826 415 887 Item
440 846 534 888 causa
559 825 656 888 Blasii
680 826 809 889 sartoris
832 839 941 887 contra
963 825 1038 886 Ivan
1062 823 1102 886 ad
1126 837 1200 886 octo
1224 823 1292 885 dies
1315 823 1355 885 ad
1380 842 1492 905 pacem

234 946 281 994 est
304 945 440 1014 recepta.

338 1039 416 1101 Item
441 1058 536 1100 causa
560 1039 643 1100 Petri
668 1051 778 1101 contra
807 1038 985 1120 Georgium
1010 1051 1041 1100 et
1074 1037 1176 1099 Malar
1200 1036 1240 1099 ad
1264 1050 1338 1099 octo
1363 1036 1431 1097 dies
1455 1035 1495 1097 ad

232 1164 344 1227 pacem
369 1157 416 1206 est
439 1159 575 1227 recepta.

339 1250 417 1313 Item
435 1250 523 1333 quod
549 1251 623 1332 quia
648 1250 846 1332 Dragozlaus
869 1270 927 1333 pro
956 1249 1099 1333 quodam
1122 1269 1231 1332 panno
1262 1251 1352 1312 Akua
1376 1269 1495 1311 merca-

233 1359 294 1420 tori
318 1357 573 1420 satisfaccionem
603 1357 758 1441 inpendit.

339 1464 416 1526 Item
450 1464 595 1546 Dragech
627 1478 736 1526 contra
770 1465 899 1526 Petrum
924 1483 1077 1544 magnum
1108 1462 1251 1524 secundo
1284 1463 1397 1525 citatus
1428 1483 1493 1524 non

234 1571 423 1652 comparuit.

339 1677 417 1738 Item
442 1696 536 1739 causa
565 1677 737 1760 Hlebopek
769 1689 879 1739 contra
904 1677 1032 1738 Petrum
1064 1674 1105 1737 ad
1129 1687 1202 1738 octo
1226 1674 1295 1737 dies
1318 1675 1359 1737 ad
1384 1694 1496 1757 pacem

234 1798 280 1846 est
308 1797 444 1865 recepta.

339 1889 415 1951 Item
442 1889 549 1952 relicta
581 1889 692 1952 Ialrich
723 1910 825 1972 usque
857 1889 1036 1971 quindenas
1065 1888 1197 1951 domine
1231 1889 1329 1950 Lucie
1353 1888 1494 1950 consorti

233 1996 388 2058 Iohannis
412 1996 508 2058 debet
531 1997 656 2058 solvere
681 1996 763 2059 duos
786 1996 867 2076 flor,
896 2009 1046 2078 quartum
1071 1995 1111 2058 de
1145 1995 1237 2057 milio
1261 2008 1293 2057 et
1316 2013 1418 2056 unum
1443 2014 1496 2056 cu·

233 2101 347 2164 bulum
371 2102 411 2164 de
435 2103 550 2165 tritico.

338 2207 417 2272 Item
443 2209 572 2293 Mathey
596 2223 706 2271 contra
731 2209 935 2272 Clementem
959 2209 1065 2293 primo
1080 2204 1203 2288 scitatus
1219 2227 1285 2270 non
1307 2208 1496 2291 comparuit.

338 2315 415 2378 Item
441 2316 550 2378 Bartol
574 2328 685 2378 contra
710 2315 908 2398 Stephanum
934 2316 1038 2397 prImo
1069 2315 1182 2377 citatus
1213 2334 1277 2377 non
1306 2315 1496 2399 comparuit.

340 2421 418 2483 Item
443 2421 532 2503 quod
555 2422 631 2504 quia
656 2421 788 2505 predicti
820 2422 897 2484 Iuan
923 2420 1080 2484 Wrouich
1106 2435 1136 2482 et
1161 2421 1307 2482 Thomas
1333 2435 1496 2503 carpenta-

233 2528 299 2589 rius
331 2528 484 2610 premissa
517 2547 629 2590 eorum
662 2527 839 2610 juramenta
871 2527 1008 2610 quilibet
1039 2528 1183 2610 Ipsorum
1214 2547 1310 2609 super
1334 2546 1384 2606 eo,
1407 2526 1497 2608 quod

234 2634 293 2716 ipsi
319 2635 507 2697 Innocentcs
531 2649 636 2696 essent
660 2633 794 2696 infacto
821 2634 1082 2717 iuterempcionis
1100 2633 1197 2695 Blasii
1215 2633 1374 2695 tributarii
1398 2632 1496 2715 depo·

232 2753 364 2802 suerunt
388 2754 422 2802 ut
445 2740 616 2819 debebant,
641 2740 714 2802 ideo
738 2741 823 2822 ipsos
847 2719 1046 2803 reddidimus
1069 2739 1245 2822 expeditos.

340 2846 417 2908 Item
443 2847 585 2908 Briccius
608 2846 693 2908 filius
711 2846 833 2908 Mareni
855 2846 1001 2909 terciario
1020 2847 1052 2908 ln
1077 2844 1148 2908 foro
1173 2846 1205 2908 ln
1222 2844 1306 2908 Iacto
1325 2845 1496 2928 interemp-

233 2952 334 3014 cionis
358 2953 455 3014 Blasii
479 2952 636 3014 tributarii
663 2952 804 3035 legitime
823 2953 1048 3035 proclamatus,
1065 2951 1106 3014 ad
1122 2952 1281 3034 justiciam
1308 2971 1373 3014 non
1399 2953 1496 3014 venit.

341 3058 417 3121 ltem
443 3079 540 3121 unam
565 3060 692 3122 vineam
709 3079 807 3141 quam
832 3060 994 3122 Iohannes
1010 3060 1109 3122 Vasas
1125 3059 1266 3123 Iohanni
1290 3059 1419 3121 literato
1443 3058 1498 3120 de·

234 3164 341 3244 disset,
366 3165 472 3227 eidem
486 3179 517 3228 et
541 3166 580 3227 de
605 3165 675 3227 aliis
692 3166 785 3229 bonis
808 3167 940 3228 terciam
957 3179 1081 3248 partem
1104 3165 1187 3228 sicut
1210 3166 1242 3227 in
1268 3165 1368 3227 literis
1392 3165 1494 3227 conti·

234 3283 325 3332 netur
350 3271 616 3342 adiudicavaus.

341 3377 419 3440 Item
444 3377 606 3440 Iohannes
631 3377 714 3440 filius
745 3377 874 3441 Thome
897 3392 1012 3441 octavo
1045 3378 1097 3441 die
1129 3378 1271 3441 secundo
1302 3397 1336 3440 se
1367 3378 1497 3461 jurabit,

233 3483 321 3566 quod
347 3484 387 3546 de
411 3482 495 3547 lacto
521 3486 551 3546 in
576 3505 643 3567 quo
668 3485 773 3567 ipsum
798 3487 980 3565 acusabant,
1006 3487 1160 3548 Innocens
1184 3499 1274 3549 esset.

340 3590 417 3653 Item
442 3591 593 3653 dominus
609 3591 735 3654 Blasius
751 3606 858 3655 custos
878 3607 992 3655 octavo
1010 3591 1061 3654 die
1085 3611 1181 3675 super
1197 3612 1237 3654 eo
1261 3591 1388 3674 jurabit,
1406 3593 1495 3674 quod

235 3698 391 3760 Martinus
412 3698 506 3780 Piper
537 3711 568 3760 et
598 3718 654 3760 sua
686 3718 817 3761 consors
847 3699 907 3761 sibi
944 3713 1075 3762 centum
1105 3699 1340 3781 quinquaginta
1364 3700 1494 3783 (peusis)

234 3804 418 3887 (debitores)
443 3806 587 3869 existant.

340 3910 418 3973 Item
443 3913 504 3973 alia
528 3932 622 3974 causa
640 3913 740 3995 ipsius
756 3912 897 3975 custodis
921 3929 1031 3976 contra
1048 3914 1266 3997 Dragozlaum
1282 3933 1384 3995 usque
1401 3913 1497 3995 quln-

234 4014 332 4077 denas
355 4031 401 4079 est
425 4031 595 4099 prorogata
619 4020 644 4080 si
670 4020 795 4100 aIIquas
818 4019 925 4082 literas
949 4019 1091 4085 haberet.

326 4250 422 4324 IerIa
451 4261 550 4326 sexta
578 4258 734 4343 proxima
762 4264 840 4328 aute
868 4257 1068 4330 dominicam
1099 4257 1414 4349 RamIspaImarum.

340 4420 418 4483 Item
446 4422 564 4485 Paulus
596 4424 788 4504 Mezericha,
813 4426 943 4509 Mathey
974 4426 1160 4509 lucifigulus
1184 4441 1215 4490 et
1239 4477 1245 4490 .
1273 4481 1279 4493 .
1306 4478 1312 4491 .
1338 4426 1495 4490 fistulator

235 4525 339 4609 primo
364 4527 449 4590 citati
474 4548 539 4590 non
564 4545 822 4612 comparuerunt.

342 4633 419 4696 Item
445 4636 645 4717 Margaretha
670 4637 786 4701 mulier
810 4652 841 4701 et
869 4639 1014 4702 Andreas
1046 4640 1127 4702 iuter
1157 4660 1226 4703 sese
1249 4640 1425 4723 (racionem
1449 4641 1495 4704 la-

236 4738 320 4823 cere)
343 4739 462 4802 debcnt
486 4741 518 4803 in
543 4742 648 4824 primo
672 4742 804 4825 judicio.
