3472 5234
244 334 305 397 272
624 317 710 373 Anno
733 312 824 391 1387.
850 348 890 357 -
915 329 965 375 22.
981 316 1134 391 januarii.

349 526 427 587 Item
447 526 609 588 Iohannes
633 525 717 587 fiIius
741 526 851 586 Jacobi
878 525 955 587 BoIe
980 545 1074 606 super
1099 545 1138 585 eo
1163 525 1287 606 iuravit,
1312 526 1401 607 quod
1426 527 1509 587 Mar·

242 634 328 695 tinus
352 632 447 713 Piper
470 632 530 693 sibi
556 631 768 712 quadraginta
792 630 922 692 florenis
946 632 1013 692 auri
1039 630 1166 692 debitor
1190 630 1271 692 foret
1296 645 1327 694 et
1352 646 1444 693 esset.

350 739 427 800 Item
452 758 547 799 causa
571 737 726 799 Anthonii
752 753 860 799 contra
893 737 1086 799 HansIInum
1112 737 1152 798 ad
1177 736 1289 798 Ieriam
1313 739 1446 799 terciam
1463 753 1509 801 est

242 845 282 906 ad
308 864 420 927 pacem
444 857 580 926 recepta.

350 951 428 1013 Item
441 970 534 1012 causa
550 952 645 1032 Mylae
657 964 766 1011 contra
778 950 945 1010 Herricum
960 949 999 1010 ad
1010 948 1120 1010 Ieriam
1130 951 1261 1012 terciam
1272 964 1318 1011 est
1328 963 1508 1031 prorogata.

350 1056 428 1119 Item
453 1057 564 1118 Petrus
588 1070 696 1117 contra
723 1055 915 1136 Gregorium
933 1054 1075 1116 secundo
1099 1055 1211 1116 citatus
1234 1075 1300 1116 non
1318 1054 1505 1135 comparuit.

350 1162 428 1224 Item
453 1162 540 1243 quod
566 1163 641 1243 quia
666 1161 775 1223 relicta
800 1161 966 1222 KusiIonis
991 1179 1046 1240 per
1069 1172 1164 1222 testes
1196 1159 1340 1222 efficaces
1363 1160 1394 1221 id
1419 1179 1508 1220 com-

242 1270 402 1351 probavit,
428 1284 463 1331 ut
495 1270 560 1350 ipse
586 1267 701 1329 KusiIo
732 1268 937 1328 medietatem
969 1267 1135 1328 cuiusdam
1168 1267 1293 1342 domus,
1318 1267 1506 1348 porcionem

243 1376 393 1437 videlicet
423 1395 525 1452 suam,
558 1374 662 1435 eidem
696 1373 875 1453 legavisser,
907 1393 1005 1453 quare
1034 1374 1135 1454 ipsam
1169 1372 1372 1433 medietatem
1398 1371 1505 1432 eidem

243 1482 374 1544 domine
399 1481 666 1560 adjudicavimus,
690 1480 787 1540 aliam
812 1493 920 1540 autem
945 1478 1149 1540 medietatem
1177 1479 1275 1560 ipsius
1299 1479 1415 1539 domus
1439 1476 1503 1538 filie

242 1588 470 1669 Nandragonis
494 1600 525 1649 et
548 1587 658 1668 nepoti
690 1605 748 1647 suo
781 1585 1063 1664 adjudicaverun13
1096 1586 1234 1666 proximi
1266 1599 1374 1647 autem
1407 1585 1506 1666 ipsius

242 1694 467 1774 Nandragonis
492 1693 531 1754 ad
556 1693 708 1773 antIquos
732 1690 852 1771 judices
876 1692 1088 1773 appellarunt.

348 1799 426 1860 Item
451 1799 543 1878 jurati
578 1817 614 1858 ex
648 1811 735 1878 parte
760 1796 936 1878 Mychaelis
968 1795 1024 1857 filii
1057 1797 1236 1858 Sebastiam
1268 1809 1298 1858 et
1324 1796 1422 1857 Marci
1447 1795 1504 1857 filii

243 1904 380 1986 Mykech
393 1903 467 1965 filiis
479 1904 638 1965 Francisci
654 1902 756 1984 Cigan
769 1916 800 1963 et
811 1902 974 1963 Benedicti
992 1902 1147 1980 justiciam
1163 1901 1265 1964 Iacere
1280 1903 1504 1983 promiserunt.

348 2008 425 2070 Item
462 2009 553 2088 jurati
590 2010 717 2070 Andree
752 2008 877 2070 Gallico
910 2009 1104 2069 duodecimo
1136 2028 1168 2069 se
1202 2009 1388 2069 concivibus
1421 2007 1503 2085 jura-

243 2129 387 2176 mentum
418 2114 683 2191 adjudicaverunt
714 2134 809 2194 super
841 2133 890 2189 eo,
922 2115 1009 2194 quod
1036 2115 1102 2195 ipse
1128 2116 1159 2175 in
1194 2112 1420 2175 interfeccione
1454 2113 1507 2175 Io·

242 2220 356 2282 hannis
380 2222 478 2283 Vasas
502 2222 655 2282 immunis
679 2236 777 2295 esset3
802 2220 928 2300 cognati
953 2233 1059 2281 autem
1085 2220 1161 2281 dicti
1187 2220 1340 2281 Iohannis
1365 2220 1404 2280 ad
1431 2239 1506 2280 con·

242 2327 350 2387 silium
375 2327 630 2410 appellaverunt,
655 2340 685 2388 et
710 2327 865 2408 ipsum..
891 2325 945 2388 fiat
968 2324 1046 2412 feria
1070 2327 1178 2388 tercia.

349 2433 427 2495 Item
454 2432 599 2514 Dragech
623 2446 724 2495 sartor
748 2431 826 2493 feria
850 2433 947 2493 tercia
971 2432 1058 2492 solus
1083 2453 1177 2514 super
1202 2452 1240 2493 eo
1265 2432 1392 2511 jurabit,
1418 2432 1507 2512 quod

243 2539 309 2620 ipse
334 2539 366 2600 in
391 2540 611 2601 subtraccione
637 2538 803 2601 cuiusdam
828 2539 915 2598 canis
939 2539 1029 2599 Pauli
1055 2539 1167 2600 literati
1195 2539 1348 2599 innocens
1373 2538 1423 2599 sit.

350 2644 429 2706 Item
454 2665 585 2707 consors
603 2644 746 2726 Dragech
772 2642 849 2704 feria
872 2643 967 2705 tercia
996 2664 1090 2725 super
1115 2664 1153 2705 eo
1177 2644 1302 2723 jurabit,
1327 2642 1414 2724 quod
1441 2643 1507 2723 ipsa

242 2751 407 2813 homiuem
433 2752 523 2812 Pauli
550 2752 665 2813 literati
691 2771 748 2812 nec
773 2751 877 2832 ipsum
901 2750 1119 2832 vituperasset.

348 2857 426 2918 Item
452 2857 514 2917 alia
539 2877 632 2918 causa
658 2858 747 2918 Pauli
781 2857 897 2919 literati
930 2871 1038 2917 contra
1065 2855 1209 2936 Dragech
1242 2854 1281 2914 ad
1307 2853 1419 2916 feriam
1444 2868 1505 2914 ter·

243 2963 325 3023 ciam
351 2977 397 3023 est
420 2978 601 3044 prorogata.

348 3067 425 3128 Item
452 3069 539 3149 quod
565 3069 640 3149 quia
665 3068 810 3148 Dragech
836 3082 865 3128 et
889 3067 1050 3128 Iohannes
1082 3065 1167 3127 filius
1189 3086 1263 3127 suus
1288 3067 1320 3126 in
1345 3064 1415 3127 foro
1440 3080 1501 3126 ter·

242 3175 340 3234 ciario
367 3175 406 3233 ad
432 3174 588 3253 justiciam
614 3173 799 3254 proclamati
830 3173 861 3232 in
890 3171 973 3233 facto
998 3173 1183 3233 succisionis
1215 3173 1380 3233 cuiusdam
1408 3172 1499 3230 vinee

242 3294 350 3341 contra
369 3279 549 3339 Iohannem
567 3278 667 3339 IiIium
687 3279 768 3338 Petri
787 3298 851 3338 non
876 3294 1041 3354 venerunt,
1060 3278 1131 3338 ideo
1149 3278 1345 3358 ubicumque
1364 3278 1396 3337 in
1414 3276 1502 3337 terri-

242 3385 325 3445 torio
351 3384 434 3445 dicte
459 3384 594 3444 civitatis
612 3384 740 3463 reperiri
766 3384 914 3464 poterint,
929 3384 1065 3464 quilibet
1090 3404 1186 3444 unam
1211 3403 1343 3445 manum
1367 3383 1503 3443 amittat.

349 3488 425 3549 Item
452 3488 584 3569 Iursycb
610 3503 718 3549 contra
744 3487 943 3570 Mychaelem
971 3490 1069 3550 tercio
1095 3490 1207 3550 citatus
1224 3509 1288 3549 non
1313 3488 1503 3569 comparuit.

348 3595 426 3654 Item
452 3595 560 3654 Endre
587 3594 652 3675 Syb
678 3594 778 3655 Paulo
804 3595 929 3655 Iiterato
947 3614 1004 3675 pro
1030 3615 1087 3655 suo
1106 3595 1264 3675 vituperio
1289 3594 1368 3654 duas
1386 3612 1506 3653 marcas

242 3701 447 3761 denariorum
474 3719 576 3779 usque
602 3699 781 3779 quindenas
805 3701 928 3760 solvere
954 3700 1057 3761 debet.

492 3915 589 3988 Feria
618 3922 724 3990 tercia
753 3928 830 3990 aute
858 3920 981 3990 festum
1007 3921 1116 3989 sancti
1147 3919 1252 3988 Pauli.

751 4074 814 4147 (22.
831 4073 993 4147 januarii).

349 4229 426 4288 Item
452 4227 575 4309 Gvivan
601 4245 709 4290 contra
735 4231 840 4290 Mathe
866 4231 970 4311 prImo
995 4230 1108 4290 citatus
1137 4249 1201 4289 non
1227 4230 1415 4310 comparuit.

347 4333 424 4394 Item
451 4335 560 4395 Petrus
584 4350 692 4396 contra
712 4337 854 4396 Marcum
873 4335 1056 4417 Blanchych
1078 4335 1182 4415 primo
1200 4335 1312 4396 citatus
1336 4356 1400 4396 non
1420 4355 1506 4395 com-

242 4439 355 4518 paruit.

348 4543 425 4605 Item
451 4544 595 4606 Andreas
631 4545 773 4607 Gallicus
804 4547 981 4627 predictum
1014 4566 1106 4607 suum
1141 4547 1353 4626 juramentum
1383 4547 1505 4608 duode-

241 4646 326 4707 cimo
350 4669 383 4709 se
400 4651 588 4711 concivibus
604 4671 698 4732 super
716 4671 765 4728 eo,
791 4652 880 4733 quod
905 4651 971 4733 ipse
987 4672 1081 4733 super
1106 4652 1331 4714 interfeccione
1351 4653 1506 4713 Johannis

241 4751 342 4813 Vasas
366 4755 521 4816 innocens
544 4756 665 4834 fuisset,
690 4755 872 4838 (deposuit).
