3472 5234
637 314 723 370 Anno
747 310 836 389 1378.
862 345 903 355 —
928 308 977 370 18.
994 310 1088 388 junii.

1086 415 1302 422 ———

1308 331 1502 423 A

234 423 410 431 ———-.

342 527 420 589 Item
445 527 596 607 magister
620 524 783 586 Iohannes
815 523 948 604 Crispus
979 535 1088 583 contra
1113 519 1291 601 Georgium
1323 521 1502 582 stachiona·

235 635 319 694 rium
344 634 449 714 primo
481 633 594 693 citatus
618 651 682 691 non
708 630 897 711 comparuit.

342 738 422 799 Item
446 738 640 799 Benedictus
665 734 805 797 carnifex
833 749 942 796 contra
967 735 1162 816 Gregorium
1186 753 1298 795 voscar
1321 733 1427 815 primo
1459 733 1501 793 ci·

236 859 319 906 tatus
343 864 408 905 non
442 844 632 925 comparuit.

342 951 421 1012 Item
445 951 555 1011 relicta
572 948 662 1009 Pauli
682 948 802 1010 Debele
827 961 936 1009 contra
954 948 1084 1008 Petrum
1109 960 1262 1008 sartorem
1279 946 1385 1028 primo
1409 946 1502 1007 citata

236 1077 300 1118 non
326 1056 516 1138 comparuit.

343 1162 422 1223 Item
448 1161 622 1242 Matheylro
639 1176 670 1221 et
688 1161 773 1220 Luca
797 1158 960 1222 carnifices
977 1174 1085 1220 contra
1105 1159 1284 1239 Georgium
1309 1177 1501 1219 assessorem

238 1269 343 1349 primo
367 1268 453 1330 citati
475 1286 539 1328 non
565 1279 823 1348 comparuerunt.

344 1375 420 1435 Item
447 1372 593 1434 Geninus
616 1390 754 1432 assessor
778 1386 892 1432 octavo
917 1370 969 1431 die
993 1369 1260 1452 perGregorium
1284 1390 1405 1448 voscar‚
1431 1370 1502 1430 lon·

235 1499 313 1560 gum
331 1480 458 1540 Petrum
478 1493 508 1539 et
525 1477 726 1538 Anthonium
740 1477 878 1557 juratum
903 1477 1050 1537 atestabit
1067 1489 1176 1537 contra
1195 1476 1381 1536 ladislaum
1399 1474 1502 1536 filium

240 1585 344 1646 Botke
368 1605 462 1665 super
487 1604 537 1662 eo,
563 1584 651 1664 quod
676 1584 742 1664 ipse
767 1602 843 1643 suus
867 1582 1083 1643 mercenarius
1115 1581 1347 1643 condicionalis
1378 1579 1501 1642 suisset.

345 1690 423 1750 Item
441 1690 511 1749 Elia
528 1687 688 1750 aurifaber
705 1701 815 1750 contra
833 1689 976 1749 relictam
995 1686 1121 1768 Sugech
1138 1686 1280 1747 secundo
1297 1687 1411 1747 citatus
1436 1705 1500 1747 non

238 1795 427 1877 comparuit.

346 1903 423 1963 Item
448 1901 656 1983 Wlkouycha
673 1914 783 1961 contra
800 1900 934 1962 luanum
951 1901 1094 1962 secundo
1118 1901 1212 1961 citata
1229 1918 1293 1960 nou
1312 1898 1503 1980 comparuit.

345 2008 423 2070 Item
449 2008 605 2069 Martinus
630 2006 719 2068 faber
735 2021 849 2068 octavo
867 2007 919 2068 die
937 2007 1085 2068 atestabit
1108 2026 1164 2087 per
1180 2006 1351 2067 Nicolaum
1370 2004 1504 2082 Odolas,

238 2115 394 2175 Iacobum
412 2114 502 2192 Bole‚
522 2113 739 2194 Dragozlaum
757 2129 787 2174 et
805 2112 983 2193 Georgium
1000 2113 1228 2174 staciouarium
1249 2132 1344 2194 super
1361 2113 1503 2193 quodam

238 2221 349 2282 debito
374 2240 439 2301 quo
464 2221 524 2282 sibi
549 2220 701 2281 dominus
725 2219 860 2302 Mykech
886 2219 970 2280 filius
995 2218 1139 2280 Franche
1163 2232 1335 2280 teneretur.

346 2327 424 2388 Item
450 2327 536 2387 Elias
569 2346 684 2407 parvus
715 2340 825 2386 contra
858 2326 1028 2387 Nicolaum
1060 2324 1198 2386 condam
1228 2325 1367 2405 judicem
1399 2325 1504 2406 prImo

238 2434 350 2494 citatus
375 2452 439 2493 non
469 2433 658 2514 comparuit.

346 2538 424 2600 Item
449 2558 543 2600 causa
569 2538 708 2620 Philippi
741 2553 772 2598 et
796 2537 951 2599 Iohannis
975 2552 1022 2599 est
1046 2557 1102 2618 per
1126 2537 1280 2621 Gyurgek
1312 2550 1342 2598 et
1367 2534 1502 2617 Mykech

240 2644 279 2705 ad
305 2659 378 2705 octo
404 2643 472 2704 dies
496 2658 622 2726 recepta
646 2644 686 2704 ad
710 2663 832 2724 pacem.

348 2752 426 2812 Item
451 2770 567 2831 parvus
592 2748 760 2812 Chernech
787 2765 896 2810 contra
921 2751 1055 2810 Iuanum
1078 2748 1237 2809 Wrouich
1262 2748 1366 2829 primo
1391 2747 1504 2808 citatus

238 2876 304 2917 non
329 2857 517 2937 comparuit.

341 2962 419 3022 Item
444 2961 701 3041 adjudicavimus
726 2961 864 3023 Iohanni
897 2961 964 3022 filio
990 2961 1130 3044 Mykech
1161 2960 1379 3041 possessiones
1404 2972 1434 3020 et
1458 2960 1504 3019 vi-

238 3087 313 3128 neas
330 3087 517 3128 conservare
532 3067 666 3143 tamdiu,
684 3068 787 3128 donec
800 3087 860 3148 pax
875 3065 969 3127 fuerit
983 3067 1064 3128 inter
1079 3067 1267 3148 Capitulum
1286 3081 1316 3127 et
1331 3065 1503 3127 civitatem.

341 3172 419 3234 Item
446 3172 638 3233 Benedictus
670 3171 809 3240 carnifex
835 3186 948 3234 octavo
981 3173 1033 3233 die
1057 3191 1090 3233 se
1122 3185 1228 3232 sextus
1251 3170 1370 3251 jurabit
1394 3171 1427 3231 itt
1452 3188 1503 3258 eo,

234 3277 322 3358 quod
348 3278 414 3358 ipse
439 3297 534 3337 canes
558 3297 622 3337 non
648 3277 784 3338 misisset
808 3296 903 3358 super
927 3296 1063 3359 puerum
1089 3276 1254 3359 Stephani.

340 3385 418 3444 Item
445 3383 612 3444 Ladislaus
637 3383 765 3444 Martini
791 3397 905 3444 octavo
937 3384 989 3444 die
1015 3383 1188 3444 duodecim
1213 3383 1361 3463 personis
1385 3380 1504 3463 jurabit

234 3492 266 3552 in
292 3512 341 3570 eo,
374 3491 461 3572 quod
495 3492 561 3572 ipse
593 3490 692 3550 boves
717 3490 855 3550 Plauech
888 3491 963 3550 Iuan
998 3510 1063 3551 non
1096 3488 1266 3566 iuraverit;
1301 3503 1332 3550 et
1358 3488 1503 3569 quando-

234 3615 372 3677 cumque
398 3597 437 3656 de
462 3610 567 3656 cetero
592 3595 725 3675 aIIquod
758 3595 879 3656 malum
911 3595 1030 3657 civitati
1056 3608 1110 3656 aut
1142 3595 1241 3676 ipsius
1265 3592 1501 3656 habitatoribus

236 3702 389 3779 intulerit,
415 3717 530 3762 extunc
555 3702 751 3781 ubicumque
777 3701 958 3762 Invenietur
986 3702 1137 3784 suspendi
1162 3702 1317 3762 debeatur
1342 3719 1380 3760 eo
1406 3697 1500 3759 iacto.

237 3807 298 3867 Pro
316 3827 381 3887 quo
406 3806 645 3868 fideiubuerunt
662 3806 855 3867 Benedictus
879 3805 963 3867 filius
981 3807 1133 3889 Stephani
1152 3807 1191 3867 de
1210 3805 1381 3883 Petrouch‚
1400 3802 1500 3865 Geor·

234 3914 305 3994 gius
330 3914 448 3995 Tayse‚
474 3912 634 3993 Georgius
659 3911 754 3974 Iratet
777 3912 899 3990 Jacobi‚
925 3911 1086 3992 Georgius
1110 3912 1194 3973 filius
1220 3913 1316 3989 Petri,
1342 3909 1504 3989 Georgius

235 4017 319 4080 filius
345 4018 497 4100 Stephani
530 4019 617 4099 quod
650 4018 674 4077 si
701 4018 760 4098 ipsi
789 4030 927 4078 statuere
960 4038 1024 4078 non
1050 4031 1180 4100 possent
1212 4018 1363 4094 eundem,
1388 4030 1503 4077 extunc

239 4125 472 4205 quinquaginta
497 4143 619 4184 marcas
642 4143 700 4204 pro
726 4123 794 4203 ipso
826 4124 990 4183 exsolvere
1015 4123 1179 4184 debebunt
1212 4123 1395 4205 Stephanus
1419 4121 1504 4183 fillus

237 4231 325 4308 Iuan,
350 4231 468 4292 Paulus
493 4230 611 4307 Galim,
637 4228 795 4289 lanchech
821 4249 925 4310 zupan
961 4229 1000 4289 de
1027 4228 1214 4304 Motoucha,
1250 4227 1397 4310 Mychael
1420 4227 1504 4289 iilius

237 4337 326 4398 Bank
351 4353 382 4397 et
405 4336 550 4397 Francha
575 4335 659 4396 lilius
684 4335 778 4396 Petri.

342 4445 420 4505 Item
458 4443 613 4523 Orgouan
651 4443 681 4502 in
720 4442 893 4522 quindenis
928 4463 1048 4523 equum
1085 4442 1210 4502 Nicolai
1249 4440 1340 4520 jurati
1375 4459 1503 4521 presen-

235 4564 302 4611 tare
327 4551 433 4611 debet.

345 4657 422 4717 Item
442 4676 520 4716 uxor
537 4656 674 4716 Vidonis
691 4670 805 4716 octavo
822 4655 873 4715 die
892 4670 1002 4716 contra
1021 4656 1198 4737 Symonem
1215 4675 1246 4715 se
1264 4654 1360 4716 tercia
1377 4655 1503 4733 iurabit.

343 4760 421 4824 Item
447 4762 590 4842 Philipus
616 4776 723 4821 contra
751 4758 929 4841 Georgium
955 4775 1069 4822 octavo
1095 4760 1146 4821 die
1172 4762 1389 4843 respondebit.
