3472 5234
657 273 861 355 Anno1384.
885 311 927 321 -
950 291 977 340 1.
1001 278 1129 339 octobris.

389 492 487 568 Faria
515 504 614 568 sexta
642 498 799 587 proxima
827 504 904 586 post
931 496 1054 568 festum
1088 499 1199 568 sancti
1226 496 1419 586 Mycbaelis.

764 631 830 710 (30.
854 630 1036 706 septembris).

370 754 447 817 Item
478 754 626 837 Mychael
656 753 823 837 Ortoflych
855 767 964 816 contra
1004 753 1208 816 Valentinum
1240 765 1354 815 octavo
1394 751 1445 813 die
1482 771 1529 812 re·

263 861 445 944 spondebit.

370 967 449 1029 Item
485 987 579 1029 causa
612 965 744 1047 Georgii
776 966 892 1028 sutoris
924 979 1034 1029 contra
1065 966 1272 1049 Dragonyam
1305 965 1346 1027 ad
1379 977 1528 1027 octavum

265 1073 350 1135 diem
376 1074 416 1135 ad
441 1094 553 1157 pacem
577 1088 624 1135 est
651 1087 788 1155 recepta.

370 1180 449 1241 Item
466 1179 626 1261 Georgius
643 1179 713 1242 Ded
730 1193 840 1242 contra
858 1179 981 1242 Malech
999 1180 1105 1262 primo
1122 1180 1235 1241 citatus
1251 1199 1317 1240 non
1335 1177 1525 1260 comparuit.

371 1286 449 1347 Item
473 1286 620 1368 Philipus
644 1299 753 1347 contra
777 1286 946 1348 mulierem
975 1285 1153 1348 Ceuetnam
1186 1285 1291 1367 primo
1323 1284 1436 1347 citatus
1461 1302 1526 1344 non

265 1393 455 1474 comparuit.

371 1500 448 1561 Item
473 1499 667 1561 Benedictus
691 1497 877 1580 Mosnarigh
911 1510 1021 1560 contra
1052 1497 1230 1579 Georgium
1264 1511 1378 1559 octavo
1402 1496 1454 1557 die
1479 1515 1525 1557 re·

264 1605 447 1688 spondebit.
1311 1674 1312 1677 Ἴ

369 1712 446 1774 Item
463 1731 556 1773 causa
574 1711 658 1772 Iwan
676 1725 706 1771 et
722 1710 883 1772 Valentini
901 1724 1009 1771 contra
1027 1708 1291 1773 Charancheuich
1316 1708 1355 1771 ad
1372 1721 1522 1771 octavum

264 1819 350 1880 diem
375 1819 414 1880 ad
440 1838 551 1900 pacem
577 1830 623 1880 est
649 1830 786 1899 recepta.

370 1925 447 1987 Item
484 1924 608 1986 Blasius
643 1937 751 1985 contra
788 1922 967 1985 Johannem
1006 1923 1120 1984 mIinar
1159 1923 1264 2004 primo
1308 1921 1421 1983 citatus
1457 1940 1522 1982 non

264 2031 455 2112 comparuit.

369 2137 447 2199 Item
472 2136 556 2198 Iwan
581 2136 701 2217 juratus
724 2150 833 2197 contra
857 2135 1058 2197 Anthonium
1090 2148 1205 2197 octavo
1230 2134 1281 2195 die
1305 2133 1524 2216 respondebit.

370 2243 448 2306 Item
466 2242 634 2304 Ladislaus
657 2242 740 2304 tuIar
763 2256 872 2304 contra
890 2241 1068 2303 Johannem
1098 2242 1202 2323 primo
1219 2241 1332 2303 citatus
1357 2260 1421 2302 non
1439 2258 1527 2302 com·

263 2350 378 2431 paruit.

371 2456 449 2519 Item
474 2460 565 2517 Anna
592 2455 709 2517 mulier
731 2470 842 2516 contra
860 2455 989 2516 Petrum
1006 2455 1077 2515 Mos
1101 2467 1215 2514 octavo
1240 2452 1291 2513 die
1309 2452 1527 2534 respondebit.

369 2563 445 2624 Item
472 2582 565 2623 causa
583 2560 694 2623 famuli
714 2551 832 2624 Mathis
850 2574 959 2623 contra
984 2559 1123 2621 famulos
1140 2559 1294 2621 Iohannis
1318 2558 1359 2619 ad
1375 2572 1526 2620 octavum

263 2667 348 2729 diem
374 2669 413 2730 ad
438 2688 548 2752 pacem
574 2683 621 2730 est
644 2680 780 2749 recepta.

368 2775 446 2836 Item
465 2773 651 2856 Gregorius,
670 2773 850 2856 Stephanus
874 2771 1052 2854 Chaplych,
1070 2771 1216 2833 Ceuetko
1233 2784 1343 2832 contra
1361 2770 1525 2832 Thomam

263 2893 293 2943 et
318 2881 401 2943 Iwan
427 2883 569 2943 secundo
594 2881 678 2943 citati
704 2899 768 2941 non
793 2893 1051 2960 comparuerunt.

368 2988 444 3049 Item
478 2987 586 3050 BattoI
618 2986 755 3068 lapicida
791 2999 901 3046 contra
938 2985 1134 3045 Damianum
1171 2983 1275 3065 primo
1312 2983 1425 3044 citatus
1462 3001 1526 3043 non

265 3094 455 3176 comparuit.

368 3199 447 3261 Item
473 3198 632 3280 Georgius
661 3198 763 3260 Sidou
794 3209 903 3259 contra
936 3196 1145 3258 Benedictum
1178 3197 1283 3278 prImo
1315 3196 1428 3257 citatus
1463 3214 1527 3256 non

263 3306 452 3388 comparuit.

366 3411 445 3474 Item
470 3413 574 3473 Lucas
599 3410 682 3472 filius
714 3410 839 3472 Lucasii
874 3423 982 3471 contra
1007 3410 1130 3492 Ztoyan
1154 3408 1296 3471 secundo
1320 3408 1434 3469 citatus
1458 3427 1523 3469 non

263 3519 453 3601 comparuit.

367 3624 445 3685 Item
463 3623 547 3685 idem
567 3624 669 3684 Lucas
686 3635 793 3683 contra
810 3621 947 3684 eundem
963 3623 1086 3704 Ztoyan
1104 3636 1217 3684 octavo
1235 3621 1286 3682 die
1304 3620 1524 3702 respondebit.

370 3729 449 3792 Item
474 3728 649 3810 End(r)ych
673 3741 788 3789 octavo
820 3728 871 3789 die
895 3727 983 3789 squs
1015 3727 1141 3807 jurabit,
1166 3727 1253 3809 quod
1286 3729 1385 3788 boves
1407 3726 1522 3788 Paulas

262 3849 293 3897 et
317 3836 426 3897 Jacobi
451 3835 530 3896 BoIe
553 3835 678 3896 milium
703 3854 796 3895 suum
821 3834 1053 3915 depascierunt.

368 3942 446 4004 Item
463 3942 611 4002 Vrbanus
628 3940 712 4001 filius
732 3940 893 4002 Valentini
912 3953 1020 4000 contra
1038 3938 1201 4000 Thomam
1219 3939 1250 3999 in
1269 3939 1521 4021 interempcione

263 4048 429 4109 cuiusdam
455 4048 541 4131 porci
567 4047 642 4109 dicti
667 4047 828 4108 Valentini
854 4047 1008 4107 innocens
1033 4060 1079 4108 est
1103 4061 1256 4127 repertus.

368 4154 445 4216 Item
471 4174 564 4215 causa
591 4154 675 4236 Span
702 4167 811 4215 contra
829 4153 985 4215 Iacobum
1003 4151 1174 4235 pellificem
1198 4151 1238 4212 ad
1263 4165 1412 4213 octavum
1438 4151 1524 4213 diem

262 4271 308 4320 est
331 4274 512 4341 prorogata.

710 4375 890 4445 Sabbatum
919 4394 1070 4463 sequens.

783 4509 823 4582 (1.
854 4506 999 4581 octobris).

369 4628 446 4692 Item
472 4652 566 4693 eausa
586 4631 733 4714 Gregorii
759 4629 815 4692 filii
834 4629 971 4692 Plauech
997 4644 1027 4692 et
1045 4629 1176 4711 Georgii
1202 4627 1257 4690 filii
1282 4629 1367 4690 Iwan
1393 4649 1448 4711 per
1466 4650 1522 4690 an-

264 4735 372 4814 tiquos
395 4734 517 4815 judices
541 4737 582 4798 ita
615 4751 660 4799 est
692 4736 841 4819 judicata,
876 4735 964 4817 quod
992 4735 1077 4796 idem
1104 4733 1263 4816 Georgius
1294 4735 1327 4795 in
1352 4734 1525 4816 quindenis
