3472 5234
607 357 699 414 Anno
723 353 817 433 1382.
843 391 884 401 —
907 371 959 416 20.
974 354 1070 434 junii.
1416 374 1475 437 179

315 567 394 628 Item
418 585 513 627 causa
535 565 625 626 Pauli
650 565 780 647 pIctoris
804 579 914 627 contra
939 566 1108 627 mulierem
1133 565 1333 628 Cernecnam
1358 565 1398 627 ad
1423 585 1475 627 oc·

208 685 320 734 cavum
344 671 430 733 diem
455 671 495 732 ad
518 690 631 753 pacem
657 684 704 733 est
727 685 862 753 recepta.

314 778 393 839 Item
417 797 511 839 causa
545 776 620 839 dicti
654 777 745 838 Pauli
778 791 888 838 contra
920 777 1100 838 Iohannem
1130 775 1232 838 filium
1264 776 1411 839 Domkus
1435 777 1475 839 ad

209 898 359 947 octavum
384 884 471 945 diem
495 883 536 944 ad
560 902 672 965 pacem
697 897 743 944 est
766 897 902 966 recepta.

316 991 394 1052 Item
426 989 588 1052 Iohannes
620 988 758 1050 Pezerch
791 1003 823 1051 et
854 988 1014 1070 Georgius
1044 1002 1146 1051 sartor
1176 1003 1287 1051 contra
1320 989 1475 1052 Mathiam

209 1097 348 1180 juratum
373 1111 488 1158 octavo
513 1095 565 1157 die
590 1095 841 1177 respondebunt.

315 1204 393 1265 Item
419 1203 509 1264 Hans
535 1200 612 1263 Scof
634 1214 743 1263 contra
769 1200 899 1263 Gerdak
923 1220 1086 1262 cursorem
1121 1201 1265 1263 secundo
1278 1202 1393 1264 citatus
1409 1222 1475 1264 non

210 1309 400 1391 comparuit.

316 1415 394 1476 Item
419 1414 567 1475 Vrbanus
591 1427 680 1476 sutor
711 1427 821 1475 contra
855 1412 1049 1493 Gregorium
1083 1413 1200 1495 Angeli
1232 1414 1338 1495 primo
1362 1414 1476 1476 citatus

207 1540 272 1582 non
298 1520 488 1601 comparuit.

312 1626 390 1687 Item
415 1644 496 1687 uxor
512 1624 645 1706 Georgii
670 1625 745 1687 dicti
764 1624 911 1707 Sydouiu
928 1639 1044 1686 octavo
1068 1624 1121 1686 die
1145 1625 1382 1707 quinquaginta
1398 1645 1474 1688 con·

208 1732 337 1793 civissas
359 1745 506 1810 statuere,
529 1746 561 1794 et
585 1731 698 1812 vIginti
723 1732 868 1812 quinque
892 1750 972 1812 quas
1004 1731 1138 1792 domina
1163 1749 1294 1793 consors
1319 1730 1474 1813 Stephani

209 1837 285 1900 dicti
311 1836 477 1920 Mylogled
502 1837 644 1918 elegerit,
669 1856 742 1897 curu
776 1835 897 1898 eisdem
929 1836 1042 1917 viginti
1076 1836 1221 1917 quinque
1245 1856 1340 1918 super
1364 1856 1402 1899 eo
1426 1836 1475 1918 ju·

208 1943 301 2022 rabit,
325 1943 414 2024 quod
439 1943 506 2024 ipsa
532 1961 612 2003 uxor
637 1941 790 2024 Stephani
815 1940 959 2003 malefica
984 1956 1014 2003 et
1039 1942 1228 2003 incantatrix
1252 1941 1358 2005 Iuerit.

313 2048 390 2110 Item
426 2047 606 2129 Stephanus
637 2046 722 2109 filius
754 2047 892 2130 Mykech
924 2061 1038 2109 octavo
1068 2047 1121 2109 die
1153 2067 1248 2130 super
1283 2068 1322 2110 eo
1346 2048 1474 2130 jurabit,

206 2155 293 2235 quod
320 2156 386 2237 Ipse
413 2174 470 2236 pro
495 2155 688 2235 quibusdam
705 2152 815 2215 scrofis
839 2151 963 2215 NicoIai
987 2153 1126 2215 condam
1150 2153 1265 2234 judicis
1289 2175 1306 2216 a
1331 2155 1473 2236 quodam

205 2259 376 2341 jobagione
401 2279 460 2322 suo
485 2259 591 2321 eidem
615 2260 752 2323 Nicolao
783 2258 951 2321 fideiussor
983 2279 1048 2321 non
1073 2258 1179 2338 fuerit,
1213 2280 1320 2342 neque
1343 2275 1475 2343 propter

205 2365 310 2446 ipsum
334 2380 364 2427 et
388 2384 481 2427 suum
506 2363 626 2427 factum
650 2365 762 2427 eedem
787 2364 890 2427 scroIe
914 2380 1040 2446 recepte
1064 2365 1193 2427 fuerint.

311 2472 390 2534 Item
414 2471 546 2554 Vydech
570 2491 672 2552 usque
697 2471 877 2552 quindenas
906 2471 1042 2532 Nicolao
1067 2471 1154 2532 dicto
1179 2470 1369 2536 Gerdauech
1395 2473 1474 2535 duas

205 2595 328 2638 marcas
351 2597 409 2658 pro
433 2577 565 2638 vulnere
591 2596 650 2638 suo
674 2577 798 2639 solvere
821 2576 927 2639 debet.

311 2683 389 2744 Item
415 2682 582 2745 Cristanus
606 2697 717 2744 contra
740 2687 902 2764 Agnesam
927 2683 1027 2744 tercio
1052 2683 1165 2745 citatus
1190 2702 1257 2744 non
1281 2685 1472 2766 comparuit.

313 2788 391 2850 Item
418 2789 599 2870 Stephanus
633 2788 671 2849 de
697 2787 872 2849 Maroucha
904 2788 980 2849 dum
1015 2788 1047 2850 in
1081 2789 1242 2850 civitatem
1275 2790 1399 2851 venerit
1422 2791 1473 2851 vel

207 2892 259 2955 die
283 2894 419 2955 crastiua
443 2913 593 2976 supereo
610 2893 737 2974 jurabit,
754 2893 843 2975 quod
866 2892 931 2954 filia
948 2892 1175 2976 WIkouoyech
1193 2893 1338 2975 precium
1355 2894 1473 2957 domus

203 2998 354 3061 videlicet
378 3014 507 3062 centum
532 2999 681 3061 denarIos
704 3013 735 3061 et
759 3019 812 3060 sex
843 3018 976 3060 munera
1001 3018 1067 3060 non
1091 2999 1305 3081 persolvisset.

309 3106 387 3167 Item
419 3106 565 3168 Thomas
596 3105 757 3167 aurifaber
787 3119 901 3167 octavo
932 3105 985 3167 die
1015 3124 1111 3186 super
1142 3125 1181 3167 eo
1215 3104 1347 3186 jurabit,
1382 3107 1472 3188 quod

203 3213 358 3275 Nicolaus
381 3212 541 3274 aurifaber
564 3214 624 3275 sibi
649 3214 731 3275 duos
755 3212 895 3274 florenos
919 3212 987 3273 auri
1009 3211 1141 3294 dampni
1165 3211 1285 3291 iecerit,
1310 3227 1341 3275 et
1356 3213 1382 3274 si
1403 3214 1474 3275 vuIt

204 3338 300 3400 super
323 3319 441 3380 miuori
467 3319 603 3400 pecunia
627 3319 731 3399 jurare
756 3331 870 3401 potest.
918 3385 924 3394 ,

310 3424 387 3486 Item
421 3423 580 3506 Georgius
605 3424 751 3507 Sydouiu
783 3443 886 3505 usque
918 3424 1097 3506 quindenas
1129 3425 1258 3506 Leposy
1288 3424 1471 3487 terciamdi-

204 3529 336 3591 midiam
361 3549 500 3591 marcam
525 3531 651 3592 solvere
675 3529 781 3592 dehet.

311 3635 389 3698 Item
419 3656 498 3696 uxor
530 3637 670 3698 LadisIai
703 3636 786 3697 tular
816 3651 930 3699 octavo
962 3636 1014 3698 die
1038 3656 1134 3718 super
1166 3656 1204 3698 eo
1228 3635 1356 3716 jurabit,
1382 3637 1471 3718 quod

201 3740 261 3803 sibi
286 3742 422 3803 condam
440 3741 671 3822 HergotInicha
688 3754 818 3802 centum
842 3755 874 3803 et
889 3742 1042 3804 tredecim
1067 3742 1206 3804 denariis
1230 3743 1471 3825 vyeunensibus

205 3847 331 3909 debitor
359 3846 464 3909 fuerit.

308 3954 386 4015 Item
411 3954 525 4015 mulier
554 3951 810 4034 AgustInouicha
842 3967 952 4015 contra
982 3952 1161 4035 Georgium
1185 3969 1341 4016 sartorem
1365 3955 1471 4036 prImo

203 4058 296 4120 citata
321 4079 386 4120 non
412 4060 601 4141 comparuit.

252 4274 349 4350 Feria
377 4286 475 4349 sexta
494 4281 650 4366 proxima
670 4287 747 4351 ante
775 4280 899 4351 festum
919 4279 1120 4351 Natiuitatis
1149 4279 1239 4349 beati
1253 4277 1416 4366 johannis

754 4402 916 4491 Baptiste.

743 4555 809 4627 (20.
819 4555 925 4630 junii).

307 4692 385 4754 Item
411 4693 519 4754 Mathe
543 4708 633 4754 sutor
656 4707 766 4754 contra
799 4693 942 4775 Spanum
975 4692 1118 4754 secundo
1150 4691 1264 4753 citatus
1288 4710 1355 4753 non
1381 4710 1470 4753 corn·

201 4796 316 4879 paruit.
1347 4884 1364 4914 ὓ
