3472 5234
370 514 447 575 Item
472 514 549 575 Iuan
575 513 683 576 Sibich
706 528 815 576 contra
840 515 996 575 Iacobum
1020 526 1161 575 sutorem
1185 513 1290 594 primo
1325 513 1437 575 citatus
1461 531 1526 574 non

265 621 454 702 comparuit.

370 727 447 789 Item
472 726 626 788 Nicolaus
650 726 787 788 condam
812 725 909 808 judex
942 739 1051 787 contra
1075 725 1256 787 Iohannem
1284 726 1389 808 primo
1414 725 1528 788 citatus

265 853 329 895 non
354 834 544 915 comparuit.

373 940 451 1003 Item
486 940 598 1000 Marito
629 937 842 1000 Gemizouich
878 953 988 1000 contra
1021 938 1191 1000 Lucasium
1224 937 1434 1017 sacerdotem,
1459 939 1529 1020 My·

264 1045 408 1107 chaelem
433 1060 463 1106 et
486 1044 694 1106 Valentinum
719 1044 823 1125 primo
848 1044 960 1105 citatus
984 1063 1048 1105 non
1074 1044 1262 1125 comparuit.

375 1152 454 1212 Item
480 1171 574 1212 causa
591 1150 721 1212 domine
747 1149 865 1212 Dicaue
883 1161 914 1212 et
930 1149 1068 1210 filiorum
1088 1148 1213 1211 Crisani
1238 1162 1284 1211 est
1307 1149 1347 1211 ad
1371 1164 1444 1211 octo
1461 1149 1529 1211 dies

264 1270 436 1338 prorogata
460 1257 501 1318 ad
533 1256 769 1318 ostendendum
802 1256 1012 1317 instrumenta
1044 1255 1179 1316 literalia
1204 1255 1229 1316 si
1261 1275 1324 1336 qua
1347 1255 1527 1317 habuerint.

370 1364 447 1425 Item
472 1364 548 1424 Iuan
573 1361 713 1423 carnifex
738 1376 848 1423 contra
873 1361 1003 1422 Petrum
1036 1359 1216 1423 carnificem
1242 1360 1384 1423 secundo
1416 1361 1529 1424 citatus

190 1546 192 1551 ¹
264 1489 330 1530 non
355 1468 543 1549 comparuit.
1374 1459 1376 1462 ’

370 1574 452 1636 Item
473 1573 591 1635 Paulus
614 1587 703 1634 sutor
727 1587 837 1634 contra
862 1573 1042 1634 Iohannem
1065 1573 1170 1654 prImo
1203 1571 1316 1635 citatus
1345 1592 1411 1634 nou
1441 1591 1528 1634 com·

266 1681 381 1763 paruit.

370 1787 448 1848 Item
481 1787 619 1848 Iacobus
651 1784 812 1848 Vrbanich
845 1798 955 1846 contra
987 1784 1124 1853 Paulum
1155 1785 1265 1867 Kypar
1287 1784 1392 1867 primo
1416 1785 1529 1847 citatus

265 1912 329 1954 non
355 1892 543 1974 comparuit.

370 1999 448 2060 Item
473 2017 566 2059 causa
591 1996 724 2077 Georgii
748 1996 901 2058 aurifabri
933 2011 965 2059 et
988 1999 1154 2059 Martonos
1187 2009 1233 2059 est
1256 2015 1313 2079 per
1337 1996 1525 2077 magistrum

266 2104 407 2166 Francha
433 2103 629 2165 aurifabrum
654 2116 685 2163 et
708 2101 866 2164 Janchech
891 2101 932 2163 ad
956 2117 1029 2164 octo
1053 2102 1122 2164 dies
1144 2116 1273 2184 recepta
1297 2101 1336 2163 ad
1361 2121 1483 2183 pacem.

370 2210 448 2272 Item
472 2228 565 2270 causa
590 2208 725 2286 Mareni,
750 2207 897 2290 Dyonisii
923 2219 954 2270 et
971 2208 1101 2270 Martini
1125 2220 1172 2270 est
1195 2227 1252 2290 per
1276 2208 1461 2288 Dragonam
1486 2206 1526 2268 ad

266 2330 340 2377 octo
364 2315 432 2377 dies
455 2329 581 2397 recepta
605 2313 646 2375 ad
670 2331 791 2395 pacem.

370 2421 448 2483 Item
472 2419 705 2482 causa-Paulas
734 2432 766 2481 et
789 2418 944 2480 Anthonii
970 2433 1016 2481 est
1039 2438 1096 2501 per
1126 2418 1306 2480 Francham
1330 2417 1539 2480 aurifabrum¹

265 2542 390 2609 recepta
414 2527 454 2589 ad
479 2546 601 2609 pacem.
1160 2533 1162 2538 '

370 2634 449 2695 Item
473 2653 567 2695 causa
591 2631 728 2715 Mykech
752 2643 783 2693 et
800 2630 900 2692 Marci
929 2643 976 2693 est
998 2649 1055 2712 per
1072 2629 1210 2692 Cursam
1234 2629 1273 2691 ad
1298 2644 1370 2691 octo
1395 2629 1464 2691 dies
1479 2650 1528 2691 re·

266 2753 356 2822 cepta
380 2739 420 2801 ad
445 2758 566 2821 pacem.

371 2846 448 2908 Item
476 2846 632 2906 Martinus
654 2843 824 2924 Zequirich
857 2855 967 2905 contra
990 2843 1162 2905 NitoIaum
1185 2841 1291 2925 primo
1326 2841 1440 2904 citatus
1463 2860 1529 2902 non

266 2952 456 3034 comparuit.

372 3059 449 3119 Item
476 3077 568 3118 causa
593 3055 704 3118 Iacobi
722 3071 752 3117 et
777 3056 876 3117 Marci
894 3069 942 3116 est
957 3074 1013 3137 per
1036 3067 1131 3116 testes
1155 3053 1194 3116 ad
1212 3067 1285 3115 octo
1310 3053 1378 3115 dies
1402 3065 1530 3137 recepta

267 3164 307 3226 ad
332 3185 454 3247 pacem.

372 3271 449 3332 Item
483 3269 638 3330 Martinus
662 3281 770 3329 contra
790 3265 973 3348 Scoryanch
998 3266 1102 3347 primo
1127 3266 1240 3328 citatus
1256 3286 1321 3328 non
1339 3267 1529 3348 comparuit.

373 3376 451 3437 Item
476 3373 648 3437 Chuethko
673 3386 782 3435 contra
811 3371 1015 3434 Clementem
1047 3372 1189 3433 secundo
1213 3373 1327 3435 citatus
1352 3392 1417 3434 non
1442 3393 1529 3435 com·

266 3483 381 3564 paruit.

372 3588 449 3650 Item
482 3588 604 3648 Jakoua
636 3604 708 3646 cum
740 3597 841 3645 matre
864 3597 973 3646 contra
1003 3584 1081 3646 WIIr
1106 3585 1211 3666 primo
1235 3586 1328 3648 citate
1353 3606 1418 3648 non
1443 3605 1530 3649 com-

267 3707 450 3775 paruerunt.

371 3798 450 3860 Item
483 3799 620 3860 Iacobus
650 3796 781 3879 pellifex
812 3797 959 3859 atestabit
986 3817 1043 3878 per
1075 3797 1245 3858 Lucasium
1271 3796 1467 3880 freniparum
1500 3809 1530 3860 et

266 3906 446 3967 Iohannem
470 3918 583 3966 octavo
608 3904 659 3964 die
685 3903 772 3984 quod
798 3903 903 3984 ipsum
931 3902 1094 3965 Corardus
1118 3902 1293 3965 interficere
1319 3904 1480 3966 voluisset.

371 4012 449 4073 Item
481 4012 605 4074 Marina
636 4030 708 4072 cum
740 4009 805 4070 filia
837 4023 946 4071 contra
971 4009 1151 4071 Iohannem
1176 4010 1272 4071 Liber
1298 4011 1404 4092 primo
1436 4011 1528 4072 citate

268 4139 332 4181 non
359 4130 615 4200 comparuerunt.

373 4225 450 4286 Item
477 4224 626 4304 Dragona
644 4237 758 4284 octavo
782 4222 834 4282 die
859 4241 915 4302 per
931 4221 1013 4302 Iglat
1032 4235 1063 4283 et
1080 4240 1212 4282 uxorem
1231 4221 1344 4283 Konch
1369 4224 1527 4303 atestabit,

267 4331 355 4412 quod
380 4350 460 4392 uxor
484 4330 592 4392 Sibich
616 4349 707 4390 auam
732 4347 866 4392 uxorem
889 4326 995 4387 verbis
1018 4327 1165 4409 turpibus
1189 4326 1354 4390 affecisset.

372 4436 450 4498 Item
475 4437 560 4498 idern
586 4436 735 4515 Dragona
760 4433 908 4496 atestabit
939 4452 995 4514 per
1019 4432 1231 4494 Benedictum
1256 4433 1354 4494 Pazar
1378 4448 1409 4496 et
1434 4435 1528 4497 Ladi-

267 4543 369 4605 slaum
393 4542 477 4604 tular
500 4556 614 4603 octavo
647 4541 698 4602 die
732 4540 819 4622 quod
849 4539 954 4620 ipsum
976 4537 1079 4599 dictus
1111 4539 1188 4599 Iuau
1219 4539 1448 4619 vituperaverit
1472 4541 1527 4604 Iite

266 4650 427 4732 pendente
453 4651 534 4710 inter
557 4650 654 4731 ipsos.

374 4755 453 4816 Item
477 4755 597 4836 Iagaua
621 4766 730 4816 contra
754 4753 833 4815 WIk
856 4765 971 4815 octavo
996 4751 1048 4813 die
1070 4751 1287 4835 respondebit.
