3472 5234
287 271 329 331 28
722 275 809 333 Anno
832 285 917 352 1375.
941 310 985 319 —
1008 290 1036 336 1.
1052 278 1144 352 junii.

394 484 471 546 Item
495 485 635 547 Brumen
660 500 769 548 contra
799 486 969 549 luaninum
1000 486 1106 568 primo
1131 487 1245 549 citatus
1269 507 1334 548 uon
1359 487 1549 569 comparuit.

393 592 470 654 Item
496 592 671 674 Dyonisius
695 592 935 655 Paradichalma
960 591 1038 655 feria
1062 608 1147 654 sexta
1172 594 1320 655 atestabit
1343 607 1453 655 contra
1469 593 1549 655 Wlk

288 708 320 758 et
343 697 526 759 Emericum
551 717 607 780 per
632 699 800 761 Marenum
823 698 973 780 juratum,
1003 698 1137 760 luanum
1161 699 1232 760 Noz
1257 711 1288 761 et
1312 699 1448 761 alterum
1472 698 1550 760 Iuan

287 821 470 882 preconem,
496 804 585 885 quod
608 805 668 866 sibi
694 824 794 866 unum
819 804 974 867 eubulum
999 804 1081 866 milii
1105 817 1301 868 tenerentur.

394 910 473 972 Item
497 910 650 973 Nicolaus
674 912 851 974 Tetonicus
874 910 953 973 feria
976 924 1062 972 sexta
1095 931 1151 994 per
1175 911 1353 993 Georgium
1385 911 1548 973 literatum

291 1026 322 1075 et
346 1015 520 1077 Martinum
552 1035 587 1077 ac
613 1015 790 1098 Georgium
824 1017 1053 1098 calcariparum
1084 1018 1247 1096 atestabit‚
1282 1017 1371 1098 quod
1395 1017 1454 1079 sibi
1480 1018 1549 1098 My·

289 1119 378 1181 chael
404 1120 563 1203 Damyani
588 1136 726 1203 quatuor
749 1121 818 1187 flor.
844 1123 913 1184 auri
937 1135 1072 1185 tenetur.

394 1226 472 1289 lrem
505 1228 660 1290 Martinus
692 1229 862 1310 Zequirich
895 1239 1004 1290 contra
1030 1228 1184 1290 Mathiam
1215 1227 1412 1290 aurifabrum
1443 1228 1549 1310 prirno

287 1332 400 1395 citatus
425 1354 491 1396 non
515 1334 703 1416 comparuit.

393 1439 471 1501 Item
494 1439 604 1502 Sibich
637 1452 747 1502 contra
771 1441 927 1502 Jacobum
959 1441 1101 1504 secundo
1133 1441 1247 1503 citatus
1270 1460 1335 1502 uon
1359 1439 1548 1523 comparuit.

393 1546 471 1607 ltem
496 1566 589 1608 causa
612 1546 744 1609 domine
762 1547 883 1609 Dicaue
907 1560 938 1611 et
958 1548 1134 1610 liberorum
1151 1546 1276 1609 Crisani
1301 1560 1347 1610 est
1370 1546 1410 1609 ad
1435 1545 1548 1608 feriam

287 1665 407 1713 sextam
435 1667 617 1735 prorogata.
1516 1713 1517 1716 ,

392 1759 470 1821 Item
494 1779 588 1821 causa
612 1758 721 1821 uxoris
744 1759 823 1821 Wik
840 1773 870 1821 et
895 1758 1063 1822 Chernech
1088 1772 1134 1820 est
1150 1778 1206 1840 per
1230 1757 1390 1821 Janchech
1415 1757 1455 1820 ad
1472 1770 1547 1820 octo

287 1863 355 1926 dies
378 1880 559 1948 prorogata.

392 1972 470 2033 item
494 1992 588 2034 causa
618 1973 734 2035 Krosei
765 1986 796 2035 et
827 1971 927 2034 Curse
960 1986 1007 2034 est
1037 1991 1093 2054 per
1117 1972 1286 2034 Muranum
1318 1970 1357 2032 ad
1381 1981 1455 2032 octo
1480 1968 1549 2030 dies

287 2089 411 2158 recepta
433 2077 473 2139 ad
497 2098 620 2161 pacem.

391 2183 469 2245 Item
495 2183 699 2246 Sebastianus
724 2185 862 2247 condam
886 2183 982 2265 judex
1012 2195 1042 2246 et
1067 2183 1185 2245 Paulus
1210 2183 1319 2266 Kypar
1351 2181 1428 2244 feria
1460 2194 1547 2244 sexta

286 2288 428 2370 ipsorum
463 2290 672 2352 instrumenta
703 2290 838 2354 literalia
870 2290 1046 2372 producere
1078 2289 1207 2369 debent,
1242 2288 1422 2372 specialiter
1452 2307 1548 2371 super

287 2393 401 2456 domos
428 2395 545 2458 habita.
1575 2396 1577 2399 ’

391 2501 469 2563 Item
494 2501 572 2563 feria
595 2515 681 2564 sexta
706 2503 857 2584 magister
880 2501 998 2563 Paulus
1018 2521 1074 2583 per
1097 2503 1266 2563 Marenum
1291 2514 1321 2562 et
1346 2498 1546 2583 Mychaelem

288 2608 435 2669 atestabit
465 2621 575 2670 contra
607 2607 836 2671 Hrexinicham
865 2608 897 2670 in
929 2627 979 2687 eo,
1004 2606 1093 2688 quod
1125 2607 1192 2689 ipse
1225 2626 1297 2668 cum
1322 2607 1390 2688 ipsa
1414 2625 1546 2667 concor·

286 2713 389 2776 desset
413 2727 444 2776 et
466 2715 683 2776 renunciasset
706 2715 795 2775 omni
819 2714 867 2777 liti
892 2727 924 2777 et
946 2713 1118 2795 questioni.

391 2821 470 2882 item
494 2820 571 2882 feria
596 2834 681 2883 sexta
707 2821 852 2903 proxima
869 2820 1031 2882 Johanues
1048 2818 1145 2880 Liber
1168 2831 1278 2879 contra
1304 2817 1461 2879 Marinam
1480 2830 1544 2879 ate·
1642 2823 1644 2826 ’

286 2926 381 2988 stabit
413 2947 469 3009 per
501 2946 633 2988 uxorem
660 2926 791 3008 Georgii
823 2926 940 2988 literati
972 2940 1003 2988 et
1026 2925 1157 2986 {uanam
1182 2942 1314 2985 uxorem
1339 2922 1396 2985 filii
1429 2924 1542 2985 Petren

286 3033 373 3114 quod
399 3034 503 3115 ipsum
528 3035 632 3095 verbis
655 3033 801 3116 turpibus
825 3046 856 3096 et
879 3032 1084 3114 vituperiosis
1106 3029 1269 3092 affecisset.
1518 3035 1522 3041 '

391 3139 470 3200 Item
495 3141 597 3200 Lucas
620 3139 767 3201 sacerdos
802 3152 912 3201 contra
944 3138 1034 3198 Mark
1058 3135 1160 3198 filium
1194 3134 1349 3196 Gemzine
1374 3154 1431 3216 per
1454 3136 1545 3197 Jaco-

287 3245 362 3305 bam
388 3258 418 3305 et
442 3244 622 3306 Joh'anncm
646 3243 828 3325 pellificem,
845 3244 934 3325 quod
948 3244 1054 3327 ipsum
1071 3242 1244 3303 enormiter
1268 3242 1464 3304 verberasset
1480 3257 1545 3303 ate-

286 3348 380 3410 stabit
403 3348 481 3411 feria
504 3364 599 3412 sexta.

391 3455 470 3516 Item
494 3454 603 3516 relicta
620 3455 691 3516 Elie
708 3453 864 3516 carnificis
887 3468 997 3516 contra
1015 3453 1229 3516 Laurencium
1253 3453 1451 3515 sacerdotem
1468 3453 1547 3518 feria

286 3574 371 3622 sexta
399 3560 616 3643 respondebit.

392 3668 470 3729 Item
495 3667 613 3728 Paulus
637 3680 725 3729 sutor
749 3679 859 3728 contra
890 3666 1070 3728 iohannem
1101 3675 1241 3727 sutorem
1267 3664 1410 3726 secundo
1433 3665 1547 3727 citatus

286 3793 350 3835 non
376 3773 564 3855 comparuit.

394 3880 471 3941 Item
497 3880 647 3941 Marenus
671 3878 808 3941 condam
833 3878 952 3959 juratus
984 3878 1172 3940 Sebastiano
1203 3892 1313 3939 nostro
1337 3877 1474 3938 condam
1498 3876 1546 3958 ju·

287 3985 348 4047 dici
373 3986 406 4047 in
430 3985 602 4066 quindenis
634 4005 751 4047 novem
774 3984 843 4048 flor.
868 3985 948 4063 auri,
979 3984 1086 4045 minus
1109 4003 1172 4045 una
1197 4003 1294 4065 pensa
1327 3982 1545 4061 denariorum,

286 4092 408 4153 solvere
432 4091 537 4156 debet.

392 4197 469 4258 Item
494 4197 675 4280 Stephanus
706 4196 790 4258 filius
815 4195 948 4277 Chopor
972 4195 1004 4256 iu
1036 4194 1208 4276 quindenis
1232 4194 1421 4257 Sebastiano
1445 4192 1544 4275 judici

286 4303 496 4384 quadraginta
520 4302 590 4365 flor.
614 4303 738 4365 solvere
761 4303 866 4365 debet.

392 4409 470 4470 item
487 4428 582 4471 causa
604 4408 735 4471 domine
753 4408 847 4470 Clare
864 4421 895 4470 et
912 4407 982 4469 Elie
1000 4405 1150 4469 aurifabri
1175 4419 1222 4469 est
1237 4406 1278 4469 ad
1294 4406 1406 4469 feriam
1424 4419 1544 4469 sextam

287 4526 466 4594 prorogata.

391 4618 469 4680 item
492 4620 631 4681 Jacobus
654 4619 813 4682 Vrbanicb
838 4633 948 4682 contra
974 4618 1109 4680 Paulum
1134 4618 1244 4701 Kypar
1265 4618 1407 4680 secundo
1432 4618 1545 4680 citatus

286 4742 352 4784 non
376 4725 562 4805 comparuit.
