3472 5234
640 1111 1108 1238 ADDENDA.

233 1479 407 1545 (Quamquam
421 1495 508 1531 annus
527 1481 619 1531 borum
632 1482 835 1546 fragmentorum
852 1481 978 1531 librorum
997 1480 1149 1530 citationum
1168 1486 1194 1528 et
1213 1480 1398 1529 sententiarum
1416 1480 1499 1529 desti·

267 1571 321 1619 nari
340 1586 391 1620 non
411 1576 506 1635 potest,
530 1577 617 1619 tamen
635 1587 666 1619 ea
689 1569 792 1620 saeculo
811 1571 883 1620 xtv
906 1575 1016 1618 exeunte
1033 1585 1090 1618 esse
1110 1569 1256 1633 conscripta
1274 1567 1456 1633 intellegitur.)

850 1764 880 1830 1.

339 1904 417 1968 Item
450 1905 535 1987 Span
570 1905 646 1967 feria
678 1906 774 1968 tercia
807 1905 953 1968 atestabit
982 1924 1038 1987 per
1069 1905 1235 1967 Franchek
1260 1918 1291 1967 et
1317 1903 1497 1986 Georgium

234 2031 329 2093 super
353 2030 403 2089 e0‚
428 2011 515 2093 quod
540 2011 671 2093 quidam
699 2010 874 2093 Gregorius
898 2030 988 2072 suam
1013 2010 1127 2072 silvam
1151 2009 1268 2072 furtive
1293 2011 1496 2073 devastasset.

339 2117 416 2177 Item
442 2136 535 2178 causa
562 2118 690 2179 Renarii
715 2131 746 2179 et
770 2118 957 2180 Peterkonis
979 2131 1025 2179 est
1049 2137 1106 2200 per
1130 2117 1310 2178 iohannem
1335 2117 1499 2179 literatum

236 2222 275 2283 ad
300 2236 372 2284 octo
397 2223 465 2284 dies
490 2236 614 2304 recepta
639 2223 679 2284 ad
704 2243 825 2305 pacem.

341 2329 418 2391 Item
444 2328 598 2390 Crisanus
623 2327 716 2391 trater
741 2328 956 2391 Malereuiche
990 2343 1098 2391 contra
1124 2329 1264 2390 Blasium
1297 2328 1497 2390 sacerdotem

235 2436 339 2517 primo
364 2436 477 2497 citatus
501 2455 566 2496 non
591 2436 780 2516 comparuit.

340 2541 416 2603 item
436 2542 547 2603 Kauka
568 2542 684 2602 mulier
701 2541 852 2622 magistro
870 2541 1029 2603 Janchech
1044 2542 1075 2602 in
1094 2540 1265 2622 quindenis
1279 2539 1358 2601 duas
1375 2559 1500 2602 marcas

235 2647 439 2708 denariorum
467 2661 498 2708 et
522 2647 619 2727 judici
645 2647 784 2708 mediam
809 2647 960 2709 exsolvet.

341 2752 417 2814 Item
445 2754 646 2833 Margaretha
671 2766 784 2815 octavo
813 2753 865 2814 die
890 2752 1006 2831 jurabit
1036 2772 1069 2813 se
1094 2764 1179 2813 sexta
1212 2771 1307 2833 super
1331 2770 1381 2830 e0,
1406 2751 1495 2833 quod

235 2860 303 2941 ipsa
328 2878 428 2920 unum
454 2859 691 2939 manutergium
717 2860 748 2919 in
774 2858 872 2920 domo
897 2858 1052 2921 Johannis
1075 2858 1174 2920 Vasas
1197 2877 1263 2919 non
1287 2854 1450 2920 furaverit.

260 3075 356 3151 Feria
385 3081 492 3151 tercia
520 3083 671 3167 proxima
701 3088 778 3152 ante
815 3080 938 3151 festum
967 3081 1055 3152 beati
1085 3077 1244 3150 Anthonii
1282 3078 1496 3151 contessoris.

341 3248 447 3309 Primo
472 3268 564 3309 causa
591 3249 677 3330 Span
702 3261 748 3310 est
771 3268 828 3330 per
846 3261 941 3311 testes
965 3250 1004 3310 ad
1022 3249 1163 3331 primum
1186 3246 1343 3327 judicium
1368 3260 1494 3330 recepta

235 3354 274 3415 ad
300 3374 422 3435 pacem.

341 3460 420 3522 Item
445 3461 562 3522 Batista
587 3474 696 3522 contra
721 3460 850 3522 Petrum
874 3474 1028 3522 sartorem
1052 3460 1157 3543 primo
1182 3459 1296 3521 citatus
1319 3478 1384 3520 non
1409 3478 1498 3521 com·

234 3567 351 3649 paruit.

340 3674 418 3735 Item
443 3693 521 3735 uxor
546 3673 705 3735 Janchech
730 3686 845 3735 octavo
870 3673 921 3734 die
946 3672 1063 3755 jurabit
1090 3693 1123 3735 se
1147 3672 1287 3735 secunda
1318 3692 1413 3754 super
1444 3692 1494 3751 eo,

234 3779 321 3859 quod
346 3780 413 3861 ipsu
438 3778 603 3840 Elizabeth
628 3779 797 3841 mulierem
822 3798 886 3840 non
912 3779 1137 3861 vituperaverit
1162 3798 1219 3840 nec
1244 3779 1444 3860 percusserit.

341 3885 419 3946 Item
454 3885 613 3946 Janchech
645 3883 806 3947 aurifaber
838 3899 952 3947 octavo
984 3885 1036 3947 die
1069 3885 1215 3947 atestabit
1242 3903 1298 3965 per
1332 3884 1497 3945 dominam

238 3991 343 4051 batres
369 4006 398 4052 et
424 3990 592 4052 Chernech
617 4010 770 4071 magnum
795 4011 889 4074 super
913 4011 962 4067 e0,
985 3991 1073 4072 quod
1099 3990 1201 4072 ipsum
1228 4009 1306 4051 uxor
1331 3988 1497 4051 Chernech

236 4094 291 4156 fini
318 4097 457 4178 orosnyk
482 4109 512 4157 et
535 4116 625 4157 suam
651 4116 782 4158 uxorem
808 4096 940 4178 turpiter
966 4095 1201 4178 vituperaverit.

340 4201 417 4262 Item
437 4201 591 4263 Crisanus
615 4200 710 4263 frater
735 4202 972 4284 Male(re)uiche
998 4215 1107 4263 contra
1132 4201 1275 4262 Blasium
1299 4201 1496 4263 sacerdotem

238 4307 381 4368 secundo
407 4307 520 4368 citatus
544 4327 607 4368 non
633 4308 822 4390 comparuit.

342 4412 418 4473 item
445 4412 606 4474 decretum
632 4413 733 4475 extitit
756 4434 812 4495 per
836 4413 986 4495 judicem,
1003 4414 1122 4495 juratos
1146 4428 1176 4476 et
1201 4415 1382 4476 universam
1409 4432 1497 4474 com·

236 4518 424 4580 munitatem
450 4538 544 4600 super
568 4539 617 4597 e0,
642 4519 717 4600 quia
742 4539 798 4602 per
826 4520 1035 4582 Benedictum
1069 4519 1171 4582 filium
1196 4519 1355 4602 Damyani
1381 4518 1498 4580 sutoris

237 4625 336 4686 nostri
368 4623 556 4687 habitatoris
587 4624 727 4706 quedam
758 4626 884 4707 questio
918 4627 1046 4687 racione
1081 4626 1247 4688 cuiusdam
1270 4624 1363 4687 vinee
1388 4637 1496 4686 contra

236 4731 415 4791 Johanuem
433 4728 536 4791 filium
553 4728 707 4812 Stephani
724 4730 872 4792 similiter
896 4743 1002 4793 nostre
1020 4731 1156 4793 civitatis
1179 4731 1393 4793 habitatorem
1410 4744 1496 4791 mota

1376 4820 1392 4857 ᾔ
