3472 5234
637 300 724 357 Anno
747 295 836 375 1376.
861 332 904 342 -
926 313 978 374 29.
995 300 1078 375 julii.
1453 317 1488 376 51

337 510 416 574 ltem
442 531 536 573 causa
560 511 673 572 Zerkle
704 510 849 572 mulieris
880 522 911 570 et
938 508 1071 589 Georgii
1102 505 1159 568 filii
1186 505 1338 589 Stephani
1366 519 1413 568 est
1436 526 1494 590 per

233 615 401 681 Chernech
424 635 558 698 parvum
583 616 623 676 ad
645 628 718 676 octo
742 614 810 676 dies
833 626 960 696 recepta
987 612 1028 674 ad
1051 631 1173 694 pacem.

337 721 415 782 ltem
438 719 598 783 Janchech
621 719 781 782 aurifaber
804 726 915 781 contra
937 717 1139 780 Anthonium
1163 717 1286 779 Jursich
1311 718 1416 800 primo
1449 717 1493 779 ci·

230 841 313 890 tatus
342 847 407 890 non
439 827 628 909 comparuit.

337 935 415 996 Item
448 953 541 994 causa
572 931 746 995 Alexandri
779 944 810 993 et
842 931 918 994 Sara
958 943 1005 991 est
1036 950 1092 1012 per
1123 929 1286 1012 Philipum
1319 929 1423 992 Mauri
1455 929 1495 992 ad

233 1041 373 1122 primum
397 1038 554 1120 judicium
577 1051 650 1120 post
673 1038 847 1100 adventum
872 1036 972 1117 ipsius
996 1035 1171 1098 Alexandri
1195 1048 1378 1118 prorogata.

338 1144 416 1206 ltem
441 1164 536 1205 causa
560 1143 652 1204 Pauli
683 1144 792 1226 Kypar
817 1155 848 1204 et
879 1141 1004 1203 Nicolai
1029 1141 1193 1204 castellani
1225 1154 1272 1203 est
1294 1161 1350 1224 per
1375 1139 1495 1204 Mauri·

233 1250 318 1312 cium
343 1262 374 1311 et
397 1248 599 1310 Anthonium
623 1248 663 1309 ad
688 1263 762 1311 octo
785 1249 853 1310 dies
876 1261 1002 1330 recepta
1026 1247 1066 1309 ad
1091 1266 1214 1329 pacem.

339 1355 417 1416 ltem
442 1375 536 1416 causa
561 1354 659 1416 Marci
679 1353 800 1416 Gemez
825 1367 856 1416 et
873 1353 1005 1434 Georgii
1022 1367 1069 1415 est
1091 1372 1149 1436 per
1166 1352 1361 1435 Gregorium
1377 1352 1496 1434 Angeli

232 1461 271 1523 ad
295 1475 369 1523 octo
393 1460 463 1522 dies
488 1473 613 1543 recepta
638 1460 678 1522 ad
702 1480 824 1543 pacem.

338 1567 416 1628 ltem
440 1586 535 1628 causa
559 1567 667 1628 Mathe
691 1566 808 1629 sutoris
832 1579 942 1629 contra
965 1565 1166 1628 Anthonium
1192 1563 1326 1643 Jursich,
1351 1565 1438 1626 Luca
1463 1576 1494 1626 et

236 1674 448 1735 Laurencium
466 1672 604 1753 juratum
626 1686 672 1734 est
688 1691 744 1754 per
759 1672 932 1735 Nicolaum
949 1672 1087 1734 condam
1103 1671 1242 1753 judicem
1260 1683 1290 1733 et
1307 1670 1495 1752 magistrum

233 1779 376 1842 Francha
399 1778 439 1840 ad
463 1793 536 1841 octo
561 1778 629 1840 dies
653 1793 779 1861 recepta
802 1778 843 1840 ad
866 1798 989 1862 pacem.

337 1885 415 1947 ltem
437 1905 530 1947 causa
555 1884 704 1967 Gregorii
722 1905 833 1948 voscar
857 1899 888 1947 et
909 1885 1037 1947 Thome
1055 1896 1101 1946 est
1124 1904 1180 1967 per
1204 1883 1375 1946 Nicolaum
1391 1881 1496 1945 filium

235 1991 359 2054 Nicolai
382 1990 423 2052 nd
447 2005 520 2054 octo
544 1991 612 2053 dies
636 2005 761 2074 recepta
785 1991 825 2053 ad
849 2011 972 2073 pacem.

339 2096 533 2159 ltemSibich
543 2097 988 2160 contralohnnnemsutorem
997 2097 1102 2180 primo
1112 2096 1224 2157 citatus
1234 2095 1497 2178 noncomparuit.

340 2203 419 2265 ltem
448 2203 579 2265 domina
602 2205 725 2285 Regina
748 2204 780 2265 in
805 2203 978 2285 quindenis
1001 2201 1110 2264 lwano
1141 2200 1208 2262 filio
1232 2201 1369 2264 Berizlai
1395 2221 1496 2263 unum

236 2311 376 2372 mensale
394 2330 546 2390 magnum
569 2311 732 2372 exsolvere
757 2309 861 2374 debet.

339 2417 417 2477 ltem
441 2436 535 2477 causa
558 2416 704 2499 Vydonis
736 2429 766 2477 et
790 2415 969 2478 Clementis
993 2430 1040 2477 est
1071 2435 1128 2496 per
1153 2413 1291 2497 Mykech
1315 2413 1495 2477 institorem

235 2535 265 2584 et
290 2521 468 2584 lohannem
495 2522 597 2584 filium
621 2522 706 2584 Petri
731 2523 771 2585 ad
794 2536 868 2585 octo
892 2522 960 2583 dies
984 2534 1110 2603 recepta
1134 2520 1175 2582 ad
1199 2539 1322 2602 pacem.

339 2628 417 2690 Item
443 2627 597 2712 Gyurgek
620 2628 751 2711 jobagio
775 2629 931 2692 Anthonii
966 2628 1068 2690 Reniz
1099 2627 1207 2688 lwano
1232 2624 1433 2688 Chudauech
1465 2626 1498 2687 in

235 2733 407 2816 quindenis
430 2754 548 2796 novem
571 2755 684 2817 pensas
708 2735 914 2797 denariorum
938 2734 1062 2796 solvere
1084 2733 1189 2795 debet.

342 2839 419 2902 ltem
456 2861 550 2902 causa
582 2840 740 2904 Anthonii
772 2841 895 2903 Jursich
927 2854 958 2902 et
989 2839 1099 2901 Jacobi
1130 2838 1210 2900 Bole
1241 2837 1352 2900 estad
1385 2836 1498 2899 feriam

236 2960 356 3009 sextam
381 2966 466 3010 nunc
491 2948 661 3010 instantem
685 2968 741 3030 per
765 2948 903 3029 judicem
929 2961 959 3009 et
982 2946 1102 3029 juratos
1125 2957 1306 3027 prorogata.

308 3181 405 3256 Ferla
436 3186 541 3257 tercia
569 3188 724 3275 proxima
752 3196 829 3276 post
855 3186 979 3258 festum
1007 3184 1096 3256 beati
1124 3183 1242 3274 Jacobi
1271 3184 1428 3272 apostoli.

772 3339 838 3416 (29.
854 3339 950 3416 julii).

344 3477 422 3539 ltem
454 3478 605 3558 magister
636 3479 779 3541 Francha
818 3478 977 3541 aurifaber
1010 3493 1041 3540 et
1073 3476 1225 3560 Gyurgek
1257 3474 1342 3537 filius
1374 3475 1500 3537 Nicolai

239 3595 348 3645 contra
373 3582 571 3665 Stephanum
595 3583 698 3645 filium
721 3585 841 3647 Rodini
866 3585 971 3668 primo
995 3584 1081 3646 citati
1105 3603 1170 3645 non
1194 3595 1454 3664 comparuerunt.

343 3688 421 3750 ltem
454 3689 595 3772 Baptista
635 3703 744 3752 contra
776 3691 947 3752 Nicolaum
983 3690 1122 3772 juratum
1155 3689 1261 3772 primo
1293 3688 1406 3750 citatus
1435 3707 1502 3750 non

241 3795 430 3877 comparuit.

343 3900 423 3962 ltem
447 3898 504 3962 filii
529 3900 655 3964 Crisani
681 3902 811 3964 domine
829 3901 949 3964 Dicaue
973 3916 1087 3964 octavo
1112 3900 1163 3962 die
1180 3900 1253 3961 XVl
1279 3898 1349 3961 flor.
1374 3911 1405 3960 et
1421 3898 1503 3961 duos

241 4004 351 4087 ciphos
375 4020 543 4087 argenteos
567 4009 730 4070 exsolvere
755 4008 874 4070 debent
894 4008 1038 4070 indilate.

348 4111 428 4174 Item
452 4113 607 4175 Martinus
624 4114 794 4196 Zequirich
819 4127 929 4176 contra
945 4112 1163 4195 Dragozlaum
1180 4110 1284 4193 primo
1301 4110 1414 4172 citatus
1438 4129 1503 4172 non

244 4217 433 4299 comparuit.

348 4323 428 4385 ltem
453 4323 567 4387 Tadeo
591 4339 700 4387 contra
716 4324 918 4388 Anthonium
934 4326 1037 4387 Reniz
1061 4325 1165 4407 primo
1190 4322 1303 4384 citatus
1327 4340 1393 4382 non
1417 4340 1504 4383 com·

244 4430 358 4510 paruit.

346 4535 424 4598 ltem
449 4556 541 4598 causa
576 4536 730 4600 Johannis
759 4541 855 4602 Liber
879 4554 910 4602 et
940 4537 1095 4600 lobannis
1118 4535 1175 4597 filii
1210 4534 1356 4594 Domkus
1380 4544 1426 4592 est
1450 4552 1506 4615 per

243 4641 385 4705 Francha
409 4642 606 4705 aurifabrum
631 4657 661 4706 et
685 4647 853 4708 Marenum
869 4645 910 4708 ad
933 4658 1007 4708 octo
1031 4643 1098 4705 dies
1122 4652 1247 4721 recepta
1272 4637 1312 4699 ad
1336 4656 1460 4719 pacem.

347 4747 425 4809 ltem
452 4747 628 4829 Gregorius
658 4765 767 4826 contra
792 4752 932 4815 lwanam
962 4750 1132 4812 mulierem
1155 4746 1260 4829 primo
1293 4743 1408 4805 citatus
1440 4763 1505 4807 non

241 4854 429 4937 comparuit.
1388 4847 1402 4878 *
