3472 5234
239 301 300 362 332
602 283 689 341 Anno
712 296 805 358 1390.
831 315 872 326 -
894 295 927 358 9.
952 283 1111 344 decembris.

312 497 409 572 lesia
436 507 535 572 sexta
563 501 716 589 proxima
745 509 821 590 post
858 501 982 573 festum
1010 502 1099 573 beati
1127 501 1246 590 Jacobi
1275 503 1430 591 apostoli.

772 651 840 732 (29.
857 652 963 730 julii).

718 810 842 891 (ratum
865 813 1023 892 illegible).

251 1026 347 1101 leria
376 1038 473 1102 sexta
501 1034 654 1120 proxima
683 1039 759 1120 post
787 1031 910 1102 testum
938 1031 1028 1102 beati
1057 1030 1284 1103 Bartholomei
1314 1032 1472 1121 apostoli.

342 1182 420 1244 Item
453 1182 553 1243 Vorih
585 1196 616 1245 et
641 1183 799 1245 Henricus
829 1195 939 1245 contra
971 1182 1100 1244 Petrum
1132 1195 1163 1244 et
1195 1183 1366 1244 Nicolaum
1390 1183 1498 1264 primo

236 1287 322 1350 citati
348 1308 413 1349 non
438 1302 697 1371 comparuerunt.

340 1393 418 1456 Item
444 1395 555 1456 Petrus
579 1394 733 1456 Scornich
759 1408 869 1457 contra
893 1395 1042 1457 Delasich
1075 1395 1265 1457 secundario
1292 1395 1406 1456 citatus
1431 1414 1496 1456 non

235 1501 426 1583 comparuit.

342 1607 420 1669 Item
445 1607 560 1669 Paulas
584 1621 692 1669 contra
717 1608 829 1669 Bozou
854 1623 967 1670 octavo
992 1608 1044 1670 die
1069 1606 1286 1689 respondebit.

341 1712 419 1775 Item
446 1713 540 1775 Chon
565 1727 673 1775 contra
699 1713 885 1797 Gyaninum
906 1714 1012 1795 primo
1037 1708 1150 1775 cit'atus
1174 1733 1237 1775 non
1263 1714 1452 1795 comparuit.

344 1819 422 1881 ltem
447 1820 566 1881 Paulek
590 1833 703 1881 octavo
728 1819 780 1881 die
804 1839 954 1902 supereo
978 1818 1094 1899 jurabit
1111 1820 1198 1902 quod
1223 1820 1288 1901 ipse
1313 1820 1493 1882 iohannem

235 1924 337 1987 filium
356 1926 434 1987 Bole
459 1945 533 1987 cum
557 1925 678 2007 sagittis
702 1945 766 1986 non
791 1925 933 2007 pellisset
949 1946 1007 1987 nec
1031 1945 1151 2008 equum
1167 1945 1260 1987 suurn
1286 1927 1492 2004 vulnerasset,

234 2052 292 2093 nec
318 2031 344 2093 C
369 2047 400 2093 et
424 2032 482 2093 XV
507 2031 576 2095 flor.
600 2032 660 2093 sibi
685 2051 749 2092 non
775 2032 954 2113 recepisset.

442 2234 501 2305 Die
528 2234 661 2305 sabbati
691 2233 836 2305 infesto
866 2235 975 2305 sancti
1005 2231 1146 2305 Emerici
1176 2234 1280 2304 ducis.

740 2385 784 2466 (5.
809 2384 993 2468 novembris).

339 2526 417 2589 ltem
430 2526 488 2610 (in)
503 2548 596 2590 causa
613 2548 676 2610 que
694 2529 874 2590 vertebatur
899 2527 980 2589 inter
1005 2527 1136 2589 Matiam
1155 2527 1312 2589 decanum
1329 2541 1360 2589 et
1380 2529 1497 2589 Johan·

233 2652 307 2694 nem
333 2654 466 2716 parvum
500 2654 557 2717 pro
588 2634 728 2717 quadam
762 2634 869 2717 puella
895 2634 992 2695 Lucia
1025 2647 1153 2713 vocata,
1184 2632 1250 2695 filia
1274 2634 1410 2696 condam
1448 2634 1497 2695 Si·

234 2739 340 2800 monis
371 2740 508 2801 condam
541 2740 653 2822 jurati,
685 2761 743 2823 pro
776 2739 915 2822 quadarn
947 2754 1040 2818 terra,
1069 2759 1132 2821 que
1169 2739 1248 2801 duas
1280 2740 1381 2802 dietas
1405 2740 1436 2802 in
1463 2760 1496 2802 se

233 2846 429 2925 continebat,
454 2847 539 2908 idem
564 2848 671 2930 puella
696 2848 906 2929 proponebat,
939 2845 1027 2927 quod
1051 2859 1133 2907 terra
1158 2845 1212 2907 illa
1236 2866 1291 2907 sua
1316 2860 1408 2924 esset,
1433 2866 1492 2908 nos

234 2954 427 3015 multociens
447 2954 721 3036 prolongavimus,
747 2953 833 3033 quod
853 2953 936 3013 idem
962 2952 1069 3034 puella
1094 2965 1286 3013 monstraret
1309 2952 1368 3032 jus,
1392 2954 1417 3014 si
1440 2953 1496 3014 ali-

234 3060 323 3140 quod
349 3059 479 3121 haberet
503 3080 566 3140 que
598 3071 679 3120 esset
702 3057 750 3138 jus
774 3059 919 3136 civitatis,
944 3059 1010 3140 ipsa
1029 3058 1161 3120 minime
1186 3059 1291 3140 potuit
1316 3074 1492 3120 monstrare

233 3180 264 3228 et
289 3187 352 3227 non
379 3166 576 3243 monstravit,
608 3165 664 3224 sed
695 3179 865 3225 annotatus
890 3166 1003 3226 Matias
1033 3179 1121 3227 sutor
1153 3166 1274 3226 bonurn
1306 3165 1355 3245 jus
1388 3184 1496 3227 coram

233 3273 327 3333 nobis
352 3271 541 3332 monstravit
559 3270 693 3331 literalia
712 3271 931 3349 instrumenta,
948 3271 1022 3332 ideo
1048 3291 1106 3331 nos
1130 3271 1189 3331 sibi
1216 3271 1350 3332 eandem
1377 3285 1494 3333 terram

233 3378 487 3458 adjudicavimus
511 3378 542 3437 in
567 3390 769 3458 perpetuum.
793 3382 889 3438 Anno
914 3377 1037 3437 domini
1064 3377 1366 3440 MCCCLXXXIX.

233 3595 328 3669 lesia
358 3603 454 3668 sexta
484 3599 637 3685 proxima
666 3603 743 3685 post
770 3598 894 3668 testum
914 3597 1147 3686 Concepcionis
1176 3599 1320 3686 virginis
1340 3598 1493 3687 gloriose.

732 3753 777 3824 (9.
801 3746 979 3826 decembris).

339 3891 416 3952 ltem
448 3911 541 3952 causa
575 3891 659 3951 lwan
691 3890 747 3952 lilii
780 3891 878 3952 Marci
908 3905 937 3953 et
970 3892 1134 3953 Benedicti
1167 3891 1241 3953 dicti
1278 3890 1494 3972 Koponouich

232 4017 290 4079 pro
317 3998 456 4079 quadam
481 3998 590 4076 domo,
625 4018 721 4078 quam
754 3998 839 4059 idem
873 3999 1088 4080 Koponouich
1119 3998 1308 4059 vendiderat
1332 3997 1494 4059 antedicto

233 4104 329 4181 lwan,
354 4106 555 4185 proponebat
579 4124 685 4166 coram
720 4105 812 4166 nobis
845 4104 948 4165 dictus
980 4104 1207 4186 Koponouich,
1239 4104 1327 4185 quod
1359 4103 1495 4165 eandem

234 4210 366 4270 domum
392 4230 482 4271 suam
508 4231 604 4292 quam
631 4211 818 4273 vendiderat
843 4211 928 4271 dicto
957 4211 1054 4289 lvvan,
1078 4211 1175 4272 vellet
1205 4213 1414 4292 comprobare
1439 4229 1496 4291 per

232 4330 328 4377 testes
351 4316 531 4397 fidedignos
567 4317 654 4397 quod
681 4318 766 4378 idem
791 4318 875 4378 lvvan
901 4316 1104 4377 medietatem
1137 4317 1253 4377 domus
1285 4336 1340 4377 sue
1366 4316 1495 4376 deberet

233 4421 337 4501 legare
363 4443 462 4504 puero
488 4424 586 4505 ipsius
611 4423 839 4505 Koponouich,
875 4423 962 4503 quod
996 4423 1060 4504 ipse
1086 4423 1218 4483 minime
1251 4423 1355 4504 potuit
1379 4420 1495 4498 lacere,

234 4547 309 4607 ergo
334 4528 588 4608 adjudicavimus
612 4529 711 4611 ipsam
738 4528 870 4590 domurn
896 4528 982 4589 dicto
1007 4529 1102 4591 lwan.

338 4635 416 4696 item
448 4635 559 4699 Touth
591 4636 764 4720 calcaripar
794 4648 903 4699 contra
936 4635 1115 4698 iohannem
1148 4636 1252 4719 primo
1281 4633 1394 4698 citatus
1428 4652 1493 4696 non

233 4741 422 4824 comparuit.
