3472 5234
653 317 738 373 Anno
761 312 850 393 1376.
876 350 916 358 —
940 330 988 393 27.
1011 318 1091 378 maii.

320 551 419 625 Faria
451 555 557 624 tercia
587 556 741 641 proxima
779 562 855 640 post
892 553 1014 624 festum
1042 553 1255 624 ascensionis
1283 552 1423 623 Domini.

782 705 845 786 (27.
870 703 971 781 maii).

345 847 453 908 Primo
479 845 586 907 Mathe
602 857 690 906 sutor
714 857 824 906 contra
854 845 1016 907 Thomam
1039 845 1236 929 freniparum
1260 845 1364 927 primo
1389 844 1502 906 citatus

240 972 305 1014 non
330 953 520 1034 comparuit.

345 1058 424 1121 Item
449 1055 651 1139 Scuryanech
684 1056 781 1136 judici
811 1070 857 1118 est
889 1058 1054 1120 convictus
1087 1057 1119 1119 in
1142 1058 1244 1119 tribus
1275 1056 1382 1138 pensis
1406 1056 1502 1117 dena-

240 1165 361 1226 riorum
384 1185 480 1247 super
503 1184 553 1242 eo,
578 1164 651 1245 quia
680 1163 748 1244 lpse
780 1163 946 1224 dominam
981 1164 1216 1245 Margaretham
1241 1163 1396 1241 citaverit,
1428 1181 1501 1223 cum

238 1283 345 1331 tamen
371 1271 519 1332 maritum
545 1269 701 1346 habuerit,
726 1268 876 1330 videlicet
901 1267 1054 1351 Gyurgek
1083 1269 1220 1330 condam
1245 1267 1393 1348 juratum.

346 1375 424 1437 Item
450 1375 554 1437 Lucas
576 1387 685 1436 contra
719 1374 922 1457 Scuryanech
950 1376 1054 1457 primo
1087 1375 1199 1436 citatus
1224 1394 1288 1435 non
1313 1373 1501 1456 comparuit.

345 1482 423 1544 Item
448 1483 563 1564 Magya
588 1496 697 1542 contra
722 1479 889 1542 Elizabeth
913 1481 1019 1563 primo
1043 1480 1138 1541 citata
1162 1501 1225 1542 non
1252 1480 1441 1561 comparuit.

346 1589 423 1651 Item
441 1609 535 1650 causa
552 1586 711 1649 Janchech
728 1586 880 1649 aurifabri
897 1600 928 1649 et
947 1586 1097 1668 Symonis
1114 1585 1269 1648 carnificis
1285 1598 1331 1647 est
1347 1605 1403 1667 per
1420 1586 1502 1646 Mar·

244 1693 345 1755 tinum
378 1693 612 1777 carpentarium
642 1693 681 1754 ad
712 1693 853 1775 primum
885 1691 1041 1772 judicium
1072 1705 1198 1774 recepta
1230 1692 1270 1752 ad
1294 1708 1407 1773 pacem
1430 1702 1502 1771 post

241 1797 415 1861 adventum
439 1799 563 1882 judicis.

343 1905 422 1967 Item
447 1905 616 1966 Elizabeth
646 1918 760 1966 octavo
793 1903 844 1964 die
868 1924 925 1986 per
956 1903 1144 1985 magistrum
1177 1903 1314 1965 Paulum
1338 1902 1500 1963 notarium

240 2023 270 2072 et
301 2010 411 2073 Ilonch
442 2011 589 2073 atestabit
620 2029 714 2093 super
739 2029 788 2090 e0,
825 2009 913 2092 quod
945 2009 1046 2090 ipsam
1078 2029 1158 2070 uxor
1189 2008 1363 2071 Alexandri
1387 2008 1420 2070 in
1451 2009 1501 2070 via

239 2117 367 2199 publica
392 2118 580 2198 captivasset
604 2136 660 2177 sua
684 2115 831 2197 potencia
857 2127 888 2176 et
915 2115 1102 2176 auctoritate
1127 2114 1298 2176 mediante.

344 2222 423 2284 Item
448 2223 533 2284 Iwan
558 2236 671 2283 octavo
696 2222 747 2282 die
772 2240 828 2303 per
850 2239 984 2282 uxorem
1014 2220 1177 2302 Stephani,
1202 2220 1292 2281 Hans
1316 2234 1347 2282 et
1371 2220 1501 2282 Petrum

239 2329 385 2392 atestabit
416 2341 525 2390 contra
560 2326 711 2410 Gyurgek
744 2326 949 2407 jobagionem
979 2325 1134 2388 Anthonii
1164 2327 1287 2408 Renyz‚
1319 2327 1408 2407 quod
1439 2327 1501 2388 sibi

240 2454 355 2496 novem
380 2434 486 2516 pensis
509 2445 679 2494 teneretur.

344 2539 423 2601 Item
434 2539 586 2601 Nicolaus
601 2538 676 2620 quia
701 2552 809 2600 contra
831 2539 1046 2601 Marchicham
1064 2539 1232 2600 mulierem
1251 2539 1282 2599 in
1300 2536 1420 2618 judicio
1436 2557 1502 2599 non

239 2646 418 2728 comparuit
434 2645 561 2707 racione
579 2644 745 2706 cuiusdam
764 2644 849 2723 furti,
866 2665 943 2726 ergo
961 2645 992 2705 in
1008 2644 1110 2706 tribus
1135 2644 1240 2725 pensis
1264 2656 1310 2704 est
1326 2643 1500 2706 convictus.

345 2752 423 2814 Item
447 2771 540 2812 causa
565 2750 720 2813 Iohannis
744 2752 860 2812 Lieber
884 2765 915 2813 et
939 2751 1069 2812 alterius
1097 2749 1250 2811 Iohannis
1273 2749 1330 2811 filii
1357 2749 1502 2810 Dominus

240 2870 287 2918 est
310 2877 366 2938 per
390 2857 577 2937 magistrum
603 2857 738 2918 Paulum
763 2857 803 2918 ad
828 2858 967 2939 primum
987 2856 1142 2936 judicium
1166 2869 1239 2938 post
1262 2855 1436 2917 adventurn
1453 2853 1501 2936 ju-

239 2963 318 3024 dicis
342 2964 381 3023 de
405 2963 491 3025 curia
515 2963 600 3043 regie
626 2962 799 3024 Maiestatis
824 2976 950 3044 recepta
974 2962 1013 3023 ad
1038 2981 1160 3043 pacem.

346 3069 421 3130 Item
448 3068 504 3129 filii
530 3067 655 3129 Crisani
688 3069 840 3130 Nicolaus
872 3084 902 3130 et
933 3068 1040 3130 Mathe
1072 3068 1202 3129 domine
1227 3067 1347 3129 Dicaue
1371 3079 1500 3128 centum

240 3188 270 3235 et
294 3173 529 3255 quinquaginta
553 3172 621 3235 flor.
647 3174 775 3235 racione
799 3194 856 3236 sue
874 3175 957 3236 dotis
981 3175 1075 3256 plene
1099 3173 1331 3256 persolverunt,
1355 3185 1451 3255 prout
1467 3173 1499 3233 in

240 3279 356 3340 nostris
379 3280 493 3340 litteris
517 3298 661 3360 expresse
687 3279 826 3341 vidimus
850 3280 1006 3341 contineri
1031 3279 1201 3357 dotaliciis,
1225 3278 1313 3359 quod
1337 3278 1362 3339 si
1386 3277 1426 3340 de
1450 3297 1501 3338 ce·

239 3398 308 3446 tero
333 3385 400 3465 ipsa
439 3384 570 3445 domina
593 3385 714 3446 Dicana
746 3387 870 3467 aliquas
891 3386 997 3447 literas
1028 3385 1155 3447 racione
1188 3384 1287 3465 ipsius
1311 3383 1394 3446 dotis
1427 3403 1500 3466 pro-

239 3490 369 3551 duceret
392 3503 447 3550 aut
470 3491 518 3551 sui
542 3491 675 3552 heredes
700 3491 886 3553 exhiberent
903 3491 1056 3572 temporis
1079 3491 1111 3550 in
1135 3508 1296 3571 processu,
1322 3489 1385 3549 siut
1403 3508 1500 3569 casse,

239 3609 363 3656 mortue
388 3608 418 3656 et
442 3596 586 3676 inmanes,
609 3596 730 3657 viribus
754 3611 784 3658 et
807 3597 921 3658 virtute
946 3598 1090 3658 cariture.

345 3700 422 3762 Item
448 3701 600 3763 Clemens
624 3700 713 3763 faber
737 3716 846 3764 contra
872 3704 1018 3764 Kaukam
1042 3703 1146 3784 primo
1171 3701 1284 3762 citatus
1317 3720 1382 3762 non
1413 3720 1500 3762 cotn-

239 3806 354 3888 paruit.

344 3911 421 3973 Item
447 3912 564 3974 Paulus
596 3912 755 3975 aurifaber
787 3936 843 3997 per
875 3915 1060 3975 Tomadum
1085 3926 1115 3975 et
1148 3913 1287 3973 brumen
1311 3913 1416 3995 primo
1450 3913 1499 3996 ju·

239 4016 324 4079 dicio
348 4018 494 4079 atestabit
517 4039 613 4100 super
637 4039 686 4097 e0,
715 4020 802 4101 quod
835 4021 939 4102 ipsum
965 4019 1144 4100 Stephanus
1176 4017 1260 4079 filius
1283 4018 1402 4079 Rodini
1429 4039 1498 4080 ver·

240 4123 406 4184 beraverit.

344 4227 423 4289 Item
455 4230 599 4291 Thomas
630 4243 739 4292 contra
776 4231 968 4311 Gregorium
1010 4248 1119 4291 voscar
1150 4229 1255 4312 primo
1288 4229 1401 4290 citatus
1433 4248 1499 4290 non

240 4335 427 4414 comparuit.

345 4438 422 4499 Item
446 4440 590 4502 Andreas
615 4440 788 4503 Gusichich
813 4455 921 4503 contra
946 4440 1109 4501 Thomam
1134 4439 1329 4502 aurifabrum
1354 4441 1498 4503 secundo

239 4542 351 4603 citatus
373 4562 439 4605 non
462 4547 648 4627 comparuit.

343 4647 421 4709 Item
453 4650 615 4733 Maliuych
651 4666 761 4714 contra
793 4653 948 4714 Iacobum
971 4651 1143 4734 pellificem
1174 4651 1279 4733 primo
1301 4650 1422 4733 judicio
1449 4672 1496 4714 re-

239 4752 420 4834 spondebit.
