<?xml version="1.0" encoding="UTF-8"?>
<!DOCTYPE html PUBLIC "-//W3C//DTD XHTML 1.0 Transitional//EN"
    "http://www.w3.org/TR/xhtml1/DTD/xhtml1-transitional.dtd">
<html xmlns="http://www.w3.org/1999/xhtml" xml:lang="en" lang="en">
 <head>
  <title>
</title>
<meta http-equiv="Content-Type" content="text/html;charset=utf-8" />
  <meta name='ocr-system' content='tesseract 3.04.00' />
  <meta name='ocr-capabilities' content='ocr_page ocr_carea ocr_par ocr_line ocrx_word'/>
</head>
<body>
  <div class='ocr_page' id='page_1' title='image "./monumentahistor09laszgoog/monumentahistor09laszgoog_0192.png"; bbox 0 0 3472 5234; ppageno 0'>
   <div class='ocr_carea' id='block_1_1' title="bbox 237 326 1508 1133">
    <p class='ocr_par' dir='ltr' id='par_1_1' title="bbox 237 326 1508 1133">
     <span class='ocr_line' id='line_1_1' title="bbox 625 326 1122 406; baseline 0.008 -18"><span class='ocrx_word' id='word_1_1' title='bbox 625 326 827 406; x_wconf 75' lang='lat' dir='ltr'>tinn01578.</span> <span class='ocrx_word' id='word_1_2' title='bbox 851 364 893 371; x_wconf 92' lang='lat'>—</span> <span class='ocrx_word' id='word_1_3' title='bbox 917 345 964 406; x_wconf 78' lang='lat'>13.</span> <span class='ocrx_word' id='word_1_4' title='bbox 994 333 1122 404; x_wconf 78' lang='lat' dir='ltr'><em>augusti.</em></span> 
     </span>
     <span class='ocr_line' id='line_1_2' title="bbox 344 539 1506 624; baseline 0.003 -23"><span class='ocrx_word' id='word_1_5' title='bbox 344 541 422 602; x_wconf 86' lang='lat' dir='ltr'>Item</span> <span class='ocrx_word' id='word_1_6' title='bbox 447 541 599 601; x_wconf 87' lang='lat' dir='ltr'>Nicolaus</span> <span class='ocrx_word' id='word_1_7' title='bbox 616 553 725 601; x_wconf 88' lang='lat' dir='ltr'>contra</span> <span class='ocrx_word' id='word_1_8' title='bbox 739 539 960 601; x_wconf 83' lang='lat' dir='ltr'>Alexandrum</span> <span class='ocrx_word' id='word_1_9' title='bbox 977 541 1082 621; x_wconf 92' lang='lat' dir='ltr'>primo</span> <span class='ocrx_word' id='word_1_10' title='bbox 1099 541 1213 603; x_wconf 89' lang='lat' dir='ltr'>citatus</span> <span class='ocrx_word' id='word_1_11' title='bbox 1229 561 1294 603; x_wconf 95' lang='lat' dir='ltr'>non</span> <span class='ocrx_word' id='word_1_12' title='bbox 1312 543 1506 624; x_wconf 83' lang='lat' dir='ltr'><strong>comparuit.</strong></span> 
     </span>
     <span class='ocr_line' id='line_1_3' title="bbox 345 644 1505 729; baseline 0.003 -23"><span class='ocrx_word' id='word_1_13' title='bbox 345 646 423 707; x_wconf 89' lang='lat' dir='ltr'>Item</span> <span class='ocrx_word' id='word_1_14' title='bbox 445 666 539 707; x_wconf 88' lang='lat' dir='ltr'>causa</span> <span class='ocrx_word' id='word_1_15' title='bbox 565 645 743 708; x_wconf 88' lang='lat' dir='ltr'>Clementis</span> <span class='ocrx_word' id='word_1_16' title='bbox 767 659 798 707; x_wconf 92' lang='lat' dir='ltr'>et</span> <span class='ocrx_word' id='word_1_17' title='bbox 823 644 955 728; x_wconf 83' lang='lat' dir='ltr'>Georgii</span> <span class='ocrx_word' id='word_1_18' title='bbox 979 661 1088 707; x_wconf 90' lang='lat' dir='ltr'>contra</span> <span class='ocrx_word' id='word_1_19' title='bbox 1117 647 1265 729; x_wconf 89' lang='lat' dir='ltr'>Zitarych</span> <span class='ocrx_word' id='word_1_20' title='bbox 1290 661 1322 709; x_wconf 91' lang='lat' dir='ltr'>et</span> <span class='ocrx_word' id='word_1_21' title='bbox 1337 648 1505 709; x_wconf 82' lang='lat' dir='ltr'>Vrbanam</span> 
     </span>
     <span class='ocr_line' id='line_1_4' title="bbox 238 751 1376 836; baseline 0.003 -24"><span class='ocrx_word' id='word_1_22' title='bbox 238 766 285 814; x_wconf 89' lang='lat' dir='ltr'>est</span> <span class='ocrx_word' id='word_1_23' title='bbox 309 772 366 834; x_wconf 91' lang='lat' dir='ltr'>per</span> <span class='ocrx_word' id='word_1_24' title='bbox 391 753 580 832; x_wconf 89' lang='lat' dir='ltr'>magistrum</span> <span class='ocrx_word' id='word_1_25' title='bbox 605 751 749 813; x_wconf 89' lang='lat' dir='ltr'>Francha</span> <span class='ocrx_word' id='word_1_26' title='bbox 774 751 814 813; x_wconf 94' lang='lat' dir='ltr'>ad</span> <span class='ocrx_word' id='word_1_27' title='bbox 838 766 911 813; x_wconf 91' lang='lat' dir='ltr'>octo</span> <span class='ocrx_word' id='word_1_28' title='bbox 943 751 1012 813; x_wconf 91' lang='lat' dir='ltr'>dies</span> <span class='ocrx_word' id='word_1_29' title='bbox 1037 767 1163 834; x_wconf 90' lang='lat' dir='ltr'>recepta</span> <span class='ocrx_word' id='word_1_30' title='bbox 1188 753 1228 814; x_wconf 93' lang='lat' dir='ltr'>ad</span> <span class='ocrx_word' id='word_1_31' title='bbox 1252 773 1376 836; x_wconf 84' lang='lat' dir='ltr'><strong>pacem.</strong></span> 
     </span>
     <span class='ocr_line' id='line_1_5' title="bbox 343 858 1507 942; baseline 0.001 -23"><span class='ocrx_word' id='word_1_32' title='bbox 343 859 422 920; x_wconf 91' lang='lat' dir='ltr'>ltem</span> <span class='ocrx_word' id='word_1_33' title='bbox 448 859 525 919; x_wconf 88' lang='lat' dir='ltr'>luan</span> <span class='ocrx_word' id='word_1_34' title='bbox 560 858 718 919; x_wconf 90' lang='lat' dir='ltr'>Wrouich</span> <span class='ocrx_word' id='word_1_35' title='bbox 750 871 864 919; x_wconf 90' lang='lat' dir='ltr'>octavo</span> <span class='ocrx_word' id='word_1_36' title='bbox 897 858 949 918; x_wconf 91' lang='lat' dir='ltr'>die</span> <span class='ocrx_word' id='word_1_37' title='bbox 981 878 1039 939; x_wconf 90' lang='lat' dir='ltr'>per</span> <span class='ocrx_word' id='word_1_38' title='bbox 1063 859 1238 921; x_wconf 92' lang='lat' dir='ltr'>Bedicham</span> <span class='ocrx_word' id='word_1_39' title='bbox 1271 873 1302 921; x_wconf 89' lang='lat' dir='ltr'>et</span> <span class='ocrx_word' id='word_1_40' title='bbox 1327 859 1507 942; x_wconf 80' lang='lat' dir='ltr'>Georgium</span> 
     </span>
     <span class='ocr_line' id='line_1_6' title="bbox 238 963 1508 1046; baseline 0.002 -21"><span class='ocrx_word' id='word_1_41' title='bbox 238 965 408 1045; x_wconf 90' lang='lat' dir='ltr'>antiquum</span> <span class='ocrx_word' id='word_1_42' title='bbox 433 964 581 1026; x_wconf 87' lang='lat' dir='ltr'>atestabit</span> <span class='ocrx_word' id='word_1_43' title='bbox 613 984 708 1045; x_wconf 88' lang='lat' dir='ltr'>super</span> <span class='ocrx_word' id='word_1_44' title='bbox 741 982 791 1042; x_wconf 86' lang='lat' dir='ltr'>eo,</span> <span class='ocrx_word' id='word_1_45' title='bbox 823 963 913 1045; x_wconf 87' lang='lat' dir='ltr'>quod</span> <span class='ocrx_word' id='word_1_46' title='bbox 944 964 1005 1025; x_wconf 86' lang='lat' dir='ltr'>sibi</span> <span class='ocrx_word' id='word_1_47' title='bbox 1029 984 1148 1046; x_wconf 88' lang='lat' dir='ltr'>parvus</span> <span class='ocrx_word' id='word_1_48' title='bbox 1181 964 1351 1027; x_wconf 88' lang='lat' dir='ltr'>Chernech</span> <span class='ocrx_word' id='word_1_49' title='bbox 1377 965 1410 1027; x_wconf 92' lang='lat' dir='ltr'>in</span> <span class='ocrx_word' id='word_1_50' title='bbox 1434 979 1508 1027; x_wconf 91' lang='lat' dir='ltr'>octo</span> 
     </span>
     <span class='ocr_line' id='line_1_7' title="bbox 237 1056 779 1133; baseline 0.002 -2"><span class='ocrx_word' id='word_1_51' title='bbox 237 1070 306 1133; x_wconf 88' lang='lat' dir='ltr'>flor.</span> <span class='ocrx_word' id='word_1_52' title='bbox 330 1071 399 1131; x_wconf 91' lang='lat' dir='ltr'>auri</span> <span class='ocrx_word' id='word_1_53' title='bbox 423 1069 592 1131; x_wconf 88' lang='lat' dir='ltr'>fideiussor</span> <span class='ocrx_word' id='word_1_54' title='bbox 616 1056 779 1132; x_wconf 83' lang='lat' dir='ltr'>extitisset.</span> 
     </span>
    </p>
   </div>
   <div class='ocr_carea' id='block_1_2' title="bbox 236 1193 1505 2123">
    <p class='ocr_par' dir='ltr' id='par_1_2' title="bbox 237 1193 1504 1381">
     <span class='ocr_line' id='line_1_8' title="bbox 346 1193 1504 1276; baseline 0.001 -22"><span class='ocrx_word' id='word_1_55' title='bbox 346 1194 424 1255; x_wconf 92' lang='lat' dir='ltr'>ltem</span> <span class='ocrx_word' id='word_1_56' title='bbox 450 1194 581 1255; x_wconf 89' lang='lat' dir='ltr'>domina</span> <span class='ocrx_word' id='word_1_57' title='bbox 605 1194 714 1255; x_wconf 91' lang='lat' dir='ltr'>relicta</span> <span class='ocrx_word' id='word_1_58' title='bbox 735 1193 914 1255; x_wconf 88' lang='lat' dir='ltr'>Sabastiani</span> <span class='ocrx_word' id='word_1_59' title='bbox 932 1208 1042 1255; x_wconf 87' lang='lat' dir='ltr'>contra</span> <span class='ocrx_word' id='word_1_60' title='bbox 1059 1194 1260 1275; x_wconf 87' lang='lat' dir='ltr'>Mychaelem</span> <span class='ocrx_word' id='word_1_61' title='bbox 1286 1194 1392 1276; x_wconf 92' lang='lat' dir='ltr'>primo</span> <span class='ocrx_word' id='word_1_62' title='bbox 1410 1195 1504 1257; x_wconf 89' lang='lat' dir='ltr'>citata</span> 
     </span>
     <span class='ocr_line' id='line_1_9' title="bbox 237 1300 518 1381; baseline -0.004 -20"><span class='ocrx_word' id='word_1_63' title='bbox 237 1320 302 1361; x_wconf 92' lang='lat' dir='ltr'>non</span> <span class='ocrx_word' id='word_1_64' title='bbox 328 1300 518 1381; x_wconf 87' lang='lat' dir='ltr'>comparuit.</span> 
     </span>
    </p>

    <p class='ocr_par' dir='ltr' id='par_1_3' title="bbox 237 1404 1504 1594">
     <span class='ocr_line' id='line_1_10' title="bbox 345 1404 1504 1487; baseline 0 -21"><span class='ocrx_word' id='word_1_65' title='bbox 345 1406 422 1467; x_wconf 91' lang='lat' dir='ltr'>ltem</span> <span class='ocrx_word' id='word_1_66' title='bbox 451 1405 559 1467; x_wconf 83' lang='lat' dir='ltr'>Mathe</span> <span class='ocrx_word' id='word_1_67' title='bbox 592 1405 719 1468; x_wconf 91' lang='lat' dir='ltr'>Crisani</span> <span class='ocrx_word' id='word_1_68' title='bbox 744 1405 776 1466; x_wconf 95' lang='lat' dir='ltr'>in</span> <span class='ocrx_word' id='word_1_69' title='bbox 808 1404 981 1485; x_wconf 86' lang='lat' dir='ltr'>quindenis</span> <span class='ocrx_word' id='word_1_70' title='bbox 1014 1404 1153 1487; x_wconf 87' lang='lat' dir='ltr'>Mycheli</span> <span class='ocrx_word' id='word_1_71' title='bbox 1185 1405 1307 1467; x_wconf 89' lang='lat' dir='ltr'>Xflor.</span> <span class='ocrx_word' id='word_1_72' title='bbox 1340 1404 1504 1467; x_wconf 86' lang='lat' dir='ltr'>exsolvere</span> 
     </span>
     <span class='ocr_line' id='line_1_11' title="bbox 237 1509 1419 1594; baseline 0.001 -22"><span class='ocrx_word' id='word_1_73' title='bbox 237 1513 333 1574; x_wconf 90' lang='lat' dir='ltr'>debet</span> <span class='ocrx_word' id='word_1_74' title='bbox 356 1532 414 1594; x_wconf 89' lang='lat' dir='ltr'>pro</span> <span class='ocrx_word' id='word_1_75' title='bbox 440 1513 581 1593; x_wconf 89' lang='lat' dir='ltr'>quadam</span> <span class='ocrx_word' id='word_1_76' title='bbox 606 1511 718 1572; x_wconf 82' lang='lat' dir='ltr'>arabili</span> <span class='ocrx_word' id='word_1_77' title='bbox 745 1524 827 1572; x_wconf 90' lang='lat' dir='ltr'>terra</span> <span class='ocrx_word' id='word_1_78' title='bbox 852 1531 907 1592; x_wconf 91' lang='lat' dir='ltr'>per</span> <span class='ocrx_word' id='word_1_79' title='bbox 932 1509 1061 1575; x_wconf 82' lang='lat' dir='ltr'>fratrem</span> <span class='ocrx_word' id='word_1_80' title='bbox 1085 1531 1179 1572; x_wconf 93' lang='lat' dir='ltr'>suum</span> <span class='ocrx_word' id='word_1_81' title='bbox 1204 1512 1419 1593; x_wconf 83' lang='lat' dir='ltr'>inpignorata.</span> 
     </span>
    </p>

    <p class='ocr_par' dir='ltr' id='par_1_4' title="bbox 238 1615 1504 1805">
     <span class='ocr_line' id='line_1_12' title="bbox 345 1615 1504 1698; baseline 0 -19"><span class='ocrx_word' id='word_1_82' title='bbox 345 1618 422 1679; x_wconf 90' lang='lat' dir='ltr'>ltem</span> <span class='ocrx_word' id='word_1_83' title='bbox 446 1638 540 1679; x_wconf 89' lang='lat' dir='ltr'>causa</span> <span class='ocrx_word' id='word_1_84' title='bbox 565 1616 681 1678; x_wconf 86' lang='lat' dir='ltr'>ancille</span> <span class='ocrx_word' id='word_1_85' title='bbox 707 1617 777 1679; x_wconf 89' lang='lat' dir='ltr'>Elie</span> <span class='ocrx_word' id='word_1_86' title='bbox 802 1615 953 1678; x_wconf 77' lang='lat' dir='ltr'>aurifabri</span> <span class='ocrx_word' id='word_1_87' title='bbox 979 1632 1025 1678; x_wconf 90' lang='lat' dir='ltr'>est</span> <span class='ocrx_word' id='word_1_88' title='bbox 1042 1636 1099 1698; x_wconf 91' lang='lat' dir='ltr'>per</span> <span class='ocrx_word' id='word_1_89' title='bbox 1122 1630 1218 1678; x_wconf 86' lang='lat' dir='ltr'>testes</span> <span class='ocrx_word' id='word_1_90' title='bbox 1242 1616 1282 1677; x_wconf 92' lang='lat' dir='ltr'>ad</span> <span class='ocrx_word' id='word_1_91' title='bbox 1307 1615 1419 1678; x_wconf 82' lang='lat' dir='ltr'>feriam</span> <span class='ocrx_word' id='word_1_92' title='bbox 1444 1631 1504 1679; x_wconf 91' lang='lat' dir='ltr'>ter-</span> 
     </span>
     <span class='ocr_line' id='line_1_13' title="bbox 238 1723 683 1805; baseline -0.002 -20"><span class='ocrx_word' id='word_1_93' title='bbox 238 1725 319 1785; x_wconf 91' lang='lat' dir='ltr'>ciam</span> <span class='ocrx_word' id='word_1_94' title='bbox 344 1738 471 1805; x_wconf 90' lang='lat' dir='ltr'>recepta</span> <span class='ocrx_word' id='word_1_95' title='bbox 495 1723 535 1784; x_wconf 91' lang='lat' dir='ltr'>ad</span> <span class='ocrx_word' id='word_1_96' title='bbox 559 1741 683 1805; x_wconf 91' lang='lat' dir='ltr'>pacem.</span> 
     </span>
    </p>

    <p class='ocr_par' dir='ltr' id='par_1_5' title="bbox 236 1827 1505 2017">
     <span class='ocr_line' id='line_1_14' title="bbox 342 1827 1505 1890; baseline -0.002 0"><span class='ocrx_word' id='word_1_97' title='bbox 342 1829 421 1890; x_wconf 90' lang='lat' dir='ltr'>Item</span> <span class='ocrx_word' id='word_1_98' title='bbox 446 1829 599 1890; x_wconf 89' lang='lat' dir='ltr'>Nicolaus</span> <span class='ocrx_word' id='word_1_99' title='bbox 629 1827 715 1889; x_wconf 88' lang='lat' dir='ltr'>filius</span> <span class='ocrx_word' id='word_1_100' title='bbox 747 1829 872 1889; x_wconf 90' lang='lat' dir='ltr'>Nicolai</span> <span class='ocrx_word' id='word_1_101' title='bbox 897 1828 1039 1889; x_wconf 85' lang='lat' dir='ltr'>Renario</span> <span class='ocrx_word' id='word_1_102' title='bbox 1063 1848 1116 1888; x_wconf 84' lang='lat' dir='ltr'>sex</span> <span class='ocrx_word' id='word_1_103' title='bbox 1147 1846 1271 1888; x_wconf 90' lang='lat' dir='ltr'>marcas</span> <span class='ocrx_word' id='word_1_104' title='bbox 1295 1827 1505 1889; x_wconf 90' lang='lat' dir='ltr'>denariorum</span> 
     </span>
     <span class='ocr_line' id='line_1_15' title="bbox 236 1934 666 2017; baseline 0.002 -22"><span class='ocrx_word' id='word_1_105' title='bbox 236 1936 267 1996; x_wconf 92' lang='lat' dir='ltr'>in</span> <span class='ocrx_word' id='word_1_106' title='bbox 295 1935 468 2017; x_wconf 89' lang='lat' dir='ltr'>quindenis</span> <span class='ocrx_word' id='word_1_107' title='bbox 496 1934 666 2017; x_wconf 83' lang='lat' dir='ltr'>persolvet.</span> 
     </span>
    </p>

    <p class='ocr_par' dir='ltr' id='par_1_6' title="bbox 342 2040 1457 2123">
     <span class='ocr_line' id='line_1_16' title="bbox 342 2040 1457 2123; baseline 0.002 -22"><span class='ocrx_word' id='word_1_108' title='bbox 342 2041 420 2102; x_wconf 89' lang='lat' dir='ltr'>ltem</span> <span class='ocrx_word' id='word_1_109' title='bbox 445 2040 590 2102; x_wconf 90' lang='lat' dir='ltr'>Thomas</span> <span class='ocrx_word' id='word_1_110' title='bbox 615 2054 724 2101; x_wconf 88' lang='lat' dir='ltr'>contra</span> <span class='ocrx_word' id='word_1_111' title='bbox 749 2040 886 2101; x_wconf 89' lang='lat' dir='ltr'>Mathias</span> <span class='ocrx_word' id='word_1_112' title='bbox 909 2041 1015 2123; x_wconf 91' lang='lat' dir='ltr'>primo</span> <span class='ocrx_word' id='word_1_113' title='bbox 1039 2040 1152 2101; x_wconf 88' lang='lat' dir='ltr'>citatus</span> <span class='ocrx_word' id='word_1_114' title='bbox 1176 2060 1241 2102; x_wconf 93' lang='lat' dir='ltr'>non</span> <span class='ocrx_word' id='word_1_115' title='bbox 1265 2041 1457 2122; x_wconf 88' lang='lat' dir='ltr'>comparuit.</span> 
     </span>
    </p>
   </div>
   <div class='ocr_carea' id='block_1_3' title="bbox 234 2162 1504 2882">
    <p class='ocr_par' dir='ltr' id='par_1_7' title="bbox 234 2162 1504 2882">
     <span class='ocr_line' id='line_1_17' title="bbox 346 2162 1504 2245; baseline 0 -21"><span class='ocrx_word' id='word_1_116' title='bbox 346 2164 424 2224; x_wconf 87' lang='lat' dir='ltr'>ltem</span> <span class='ocrx_word' id='word_1_117' title='bbox 456 2183 550 2224; x_wconf 91' lang='lat' dir='ltr'>causa</span> <span class='ocrx_word' id='word_1_118' title='bbox 581 2163 705 2224; x_wconf 89' lang='lat' dir='ltr'>Mareni</span> <span class='ocrx_word' id='word_1_119' title='bbox 730 2177 761 2225; x_wconf 90' lang='lat' dir='ltr'>et</span> <span class='ocrx_word' id='word_1_120' title='bbox 792 2163 920 2225; x_wconf 90' lang='lat' dir='ltr'>Andree</span> <span class='ocrx_word' id='word_1_121' title='bbox 951 2176 998 2224; x_wconf 90' lang='lat' dir='ltr'>est</span> <span class='ocrx_word' id='word_1_122' title='bbox 1029 2182 1085 2245; x_wconf 92' lang='lat' dir='ltr'>per</span> <span class='ocrx_word' id='word_1_123' title='bbox 1115 2162 1256 2240; x_wconf 87' lang='lat' dir='ltr'>judicem</span> <span class='ocrx_word' id='word_1_124' title='bbox 1288 2177 1360 2245; x_wconf 91' lang='lat' dir='ltr'>post</span> <span class='ocrx_word' id='word_1_125' title='bbox 1387 2162 1504 2225; x_wconf 84' lang='lat' dir='ltr'>festum</span> 
     </span>
     <span class='ocr_line' id='line_1_18' title="bbox 235 2268 1504 2352; baseline 0 -22"><span class='ocrx_word' id='word_1_126' title='bbox 235 2271 333 2332; x_wconf 91' lang='lat' dir='ltr'>sancti</span> <span class='ocrx_word' id='word_1_127' title='bbox 358 2271 441 2352; x_wconf 88' lang='lat' dir='ltr'>regis</span> <span class='ocrx_word' id='word_1_128' title='bbox 465 2269 619 2352; x_wconf 89' lang='lat' dir='ltr'>Stephani</span> <span class='ocrx_word' id='word_1_129' title='bbox 644 2269 683 2330; x_wconf 90' lang='lat' dir='ltr'>ad</span> <span class='ocrx_word' id='word_1_130' title='bbox 702 2269 841 2350; x_wconf 94' lang='lat' dir='ltr'>primum</span> <span class='ocrx_word' id='word_1_131' title='bbox 859 2268 1015 2350; x_wconf 82' lang='lat' dir='ltr'>judicium</span> <span class='ocrx_word' id='word_1_132' title='bbox 1033 2284 1222 2350; x_wconf 87' lang='lat' dir='ltr'>prorogata;</span> <span class='ocrx_word' id='word_1_133' title='bbox 1247 2271 1401 2331; x_wconf 89' lang='lat' dir='ltr'>Marenus</span> <span class='ocrx_word' id='word_1_134' title='bbox 1418 2271 1504 2331; x_wconf 88' lang='lat' dir='ltr'>testi-</span> 
     </span>
     <span class='ocr_line' id='line_1_19' title="bbox 236 2375 572 2457; baseline 0.003 -21"><span class='ocrx_word' id='word_1_135' title='bbox 236 2376 382 2437; x_wconf 89' lang='lat' dir='ltr'>monium</span> <span class='ocrx_word' id='word_1_136' title='bbox 406 2375 572 2457; x_wconf 90' lang='lat' dir='ltr'>producet.</span> 
     </span>
     <span class='ocr_line' id='line_1_20' title="bbox 313 2479 1499 2561; baseline -0.004 -17"><span class='ocrx_word' id='word_1_137' title='bbox 313 2481 419 2544; x_wconf 84' lang='lat' dir='ltr'>.ltem</span> <span class='ocrx_word' id='word_1_138' title='bbox 443 2481 559 2542; x_wconf 91' lang='lat' dir='ltr'>ancilla</span> <span class='ocrx_word' id='word_1_139' title='bbox 592 2480 714 2542; x_wconf 90' lang='lat' dir='ltr'>Mareni</span> <span class='ocrx_word' id='word_1_140' title='bbox 747 2479 824 2541; x_wconf 82' lang='lat' dir='ltr'>feria</span> <span class='ocrx_word' id='word_1_141' title='bbox 855 2480 953 2542; x_wconf 90' lang='lat' dir='ltr'>tercia</span> <span class='ocrx_word' id='word_1_142' title='bbox 984 2479 1103 2560; x_wconf 89' lang='lat' dir='ltr'>jurabit</span> <span class='ocrx_word' id='word_1_143' title='bbox 1133 2499 1166 2541; x_wconf 93' lang='lat' dir='ltr'>se</span> <span class='ocrx_word' id='word_1_144' title='bbox 1198 2480 1295 2541; x_wconf 91' lang='lat' dir='ltr'>tercia</span> <span class='ocrx_word' id='word_1_145' title='bbox 1320 2498 1416 2561; x_wconf 90' lang='lat' dir='ltr'>super</span> <span class='ocrx_word' id='word_1_146' title='bbox 1449 2498 1499 2557; x_wconf 91' lang='lat' dir='ltr'>eo,</span> 
     </span>
     <span class='ocr_line' id='line_1_21' title="bbox 235 2586 1163 2669; baseline -0.003 -20"><span class='ocrx_word' id='word_1_147' title='bbox 235 2588 323 2668; x_wconf 92' lang='lat' dir='ltr'>quod</span> <span class='ocrx_word' id='word_1_148' title='bbox 346 2586 414 2669; x_wconf 90' lang='lat' dir='ltr'>ipsa</span> <span class='ocrx_word' id='word_1_149' title='bbox 438 2587 536 2648; x_wconf 89' lang='lat' dir='ltr'>inscia</span> <span class='ocrx_word' id='word_1_150' title='bbox 560 2587 600 2649; x_wconf 85' lang='lat' dir='ltr'>sit</span> <span class='ocrx_word' id='word_1_151' title='bbox 624 2588 655 2648; x_wconf 93' lang='lat' dir='ltr'>in</span> <span class='ocrx_word' id='word_1_152' title='bbox 680 2587 832 2647; x_wconf 89' lang='lat' dir='ltr'>omnibus</span> <span class='ocrx_word' id='word_1_153' title='bbox 855 2586 1005 2668; x_wconf 90' lang='lat' dir='ltr'>periculis</span> <span class='ocrx_word' id='word_1_154' title='bbox 1030 2586 1163 2647; x_wconf 90' lang='lat' dir='ltr'>Mareni.</span> 
     </span>
     <span class='ocr_line' id='line_1_22' title="bbox 343 2691 1502 2771; baseline -0.003 -16"><span class='ocrx_word' id='word_1_155' title='bbox 343 2695 421 2755; x_wconf 91' lang='lat' dir='ltr'>ltem</span> <span class='ocrx_word' id='word_1_156' title='bbox 453 2693 590 2755; x_wconf 88' lang='lat' dir='ltr'>Mathias</span> <span class='ocrx_word' id='word_1_157' title='bbox 621 2692 699 2755; x_wconf 88' lang='lat' dir='ltr'>feria</span> <span class='ocrx_word' id='word_1_158' title='bbox 730 2693 827 2754; x_wconf 89' lang='lat' dir='ltr'>tercia</span> <span class='ocrx_word' id='word_1_159' title='bbox 862 2712 895 2752; x_wconf 90' lang='lat' dir='ltr'>se</span> <span class='ocrx_word' id='word_1_160' title='bbox 920 2691 1079 2754; x_wconf 86' lang='lat' dir='ltr'>secundus</span> <span class='ocrx_word' id='word_1_161' title='bbox 1111 2691 1227 2771; x_wconf 79' lang='lat' dir='ltr'>jurabit</span> <span class='ocrx_word' id='word_1_162' title='bbox 1259 2706 1369 2753; x_wconf 91' lang='lat' dir='ltr'>contra</span> <span class='ocrx_word' id='word_1_163' title='bbox 1396 2692 1502 2752; x_wconf 88' lang='lat' dir='ltr'>Peter·</span> 
     </span>
     <span class='ocr_line' id='line_1_23' title="bbox 234 2796 1502 2882; baseline -0.003 -20"><span class='ocrx_word' id='word_1_164' title='bbox 234 2801 349 2879; x_wconf 90' lang='lat' dir='ltr'>linum,</span> <span class='ocrx_word' id='word_1_165' title='bbox 374 2798 461 2882; x_wconf 93' lang='lat' dir='ltr'>quod</span> <span class='ocrx_word' id='word_1_166' title='bbox 487 2800 554 2881; x_wconf 90' lang='lat' dir='ltr'>ipse</span> <span class='ocrx_word' id='word_1_167' title='bbox 578 2799 684 2860; x_wconf 90' lang='lat' dir='ltr'>nullas</span> <span class='ocrx_word' id='word_1_168' title='bbox 701 2818 750 2859; x_wconf 89' lang='lat' dir='ltr'>res</span> <span class='ocrx_word' id='word_1_169' title='bbox 774 2798 941 2859; x_wconf 89' lang='lat' dir='ltr'>cuiusdam</span> <span class='ocrx_word' id='word_1_170' title='bbox 957 2797 1131 2858; x_wconf 88' lang='lat' dir='ltr'>sacerdotis</span> <span class='ocrx_word' id='word_1_171' title='bbox 1157 2796 1243 2878; x_wconf 90' lang='lat' dir='ltr'>apud</span> <span class='ocrx_word' id='word_1_172' title='bbox 1268 2816 1301 2857; x_wconf 90' lang='lat' dir='ltr'>se</span> <span class='ocrx_word' id='word_1_173' title='bbox 1327 2796 1502 2858; x_wconf 86' lang='lat' dir='ltr'>habuisset.</span> 
     </span>
    </p>
   </div>
   <div class='ocr_carea' id='block_1_4' title="bbox 232 2919 1502 3427">
    <p class='ocr_par' dir='ltr' id='par_1_8' title="bbox 232 2919 1502 3110">
     <span class='ocr_line' id='line_1_24' title="bbox 340 2919 1502 2986; baseline -0.003 -1"><span class='ocrx_word' id='word_1_174' title='bbox 340 2924 418 2986; x_wconf 90' lang='lat' dir='ltr'>ltem</span> <span class='ocrx_word' id='word_1_175' title='bbox 441 2924 598 2985; x_wconf 86' lang='lat' dir='ltr'>Martinus</span> <span class='ocrx_word' id='word_1_176' title='bbox 620 2938 709 2984; x_wconf 88' lang='lat' dir='ltr'>sutor</span> <span class='ocrx_word' id='word_1_177' title='bbox 737 2936 847 2983; x_wconf 89' lang='lat' dir='ltr'>contra</span> <span class='ocrx_word' id='word_1_178' title='bbox 879 2922 1091 2983; x_wconf 91' lang='lat' dir='ltr'>Benedictum</span> <span class='ocrx_word' id='word_1_179' title='bbox 1128 2934 1270 2982; x_wconf 91' lang='lat' dir='ltr'>sutorem</span> <span class='ocrx_word' id='word_1_180' title='bbox 1303 2919 1380 2982; x_wconf 83' lang='lat' dir='ltr'>feria</span> <span class='ocrx_word' id='word_1_181' title='bbox 1404 2922 1502 2983; x_wconf 90' lang='lat' dir='ltr'>tercia</span> 
     </span>
     <span class='ocr_line' id='line_1_25' title="bbox 232 3028 1053 3110; baseline -0.002 -18"><span class='ocrx_word' id='word_1_182' title='bbox 232 3032 349 3110; x_wconf 87' lang='lat' dir='ltr'>jurabit</span> <span class='ocrx_word' id='word_1_183' title='bbox 372 3052 405 3092; x_wconf 89' lang='lat' dir='ltr'>se</span> <span class='ocrx_word' id='word_1_184' title='bbox 427 3032 543 3092; x_wconf 90' lang='lat' dir='ltr'>tercius</span> <span class='ocrx_word' id='word_1_185' title='bbox 565 3050 659 3110; x_wconf 90' lang='lat' dir='ltr'>super</span> <span class='ocrx_word' id='word_1_186' title='bbox 684 3028 878 3109; x_wconf 88' lang='lat' dir='ltr'>quibusdam</span> <span class='ocrx_word' id='word_1_187' title='bbox 904 3028 1053 3090; x_wconf 90' lang='lat' dir='ltr'>camisiis.</span> 
     </span>
    </p>

    <p class='ocr_par' dir='ltr' id='par_1_9' title="bbox 235 3132 1501 3322">
     <span class='ocr_line' id='line_1_26' title="bbox 341 3132 1501 3214; baseline -0.003 -17"><span class='ocrx_word' id='word_1_188' title='bbox 341 3137 419 3197; x_wconf 89' lang='lat' dir='ltr'>Item</span> <span class='ocrx_word' id='word_1_189' title='bbox 445 3156 538 3196; x_wconf 88' lang='lat' dir='ltr'>causa</span> <span class='ocrx_word' id='word_1_190' title='bbox 563 3136 651 3195; x_wconf 81' lang='lat' dir='ltr'>Jellce</span> <span class='ocrx_word' id='word_1_191' title='bbox 677 3149 708 3195; x_wconf 88' lang='lat' dir='ltr'>et</span> <span class='ocrx_word' id='word_1_192' title='bbox 734 3133 872 3194; x_wconf 89' lang='lat' dir='ltr'>Ladislai</span> <span class='ocrx_word' id='word_1_193' title='bbox 898 3146 945 3194; x_wconf 91' lang='lat' dir='ltr'>est</span> <span class='ocrx_word' id='word_1_194' title='bbox 976 3153 1032 3214; x_wconf 89' lang='lat' dir='ltr'>per</span> <span class='ocrx_word' id='word_1_195' title='bbox 1055 3132 1195 3214; x_wconf 85' lang='lat' dir='ltr'>judicem</span> <span class='ocrx_word' id='word_1_196' title='bbox 1220 3132 1261 3193; x_wconf 93' lang='lat' dir='ltr'>ad</span> <span class='ocrx_word' id='word_1_197' title='bbox 1286 3132 1429 3213; x_wconf 90' lang='lat' dir='ltr'>primurn</span> <span class='ocrx_word' id='word_1_198' title='bbox 1453 3132 1501 3213; x_wconf 86' lang='lat' dir='ltr'>ju·</span> 
     </span>
     <span class='ocr_line' id='line_1_27' title="bbox 235 3238 1209 3322; baseline -0.003 -21"><span class='ocrx_word' id='word_1_199' title='bbox 235 3243 355 3303; x_wconf 88' lang='lat' dir='ltr'>dicium</span> <span class='ocrx_word' id='word_1_200' title='bbox 380 3255 452 3322; x_wconf 88' lang='lat' dir='ltr'>post</span> <span class='ocrx_word' id='word_1_201' title='bbox 477 3240 591 3301; x_wconf 81' lang='lat' dir='ltr'>festum</span> <span class='ocrx_word' id='word_1_202' title='bbox 618 3240 716 3301; x_wconf 88' lang='lat' dir='ltr'>sancti</span> <span class='ocrx_word' id='word_1_203' title='bbox 741 3240 825 3320; x_wconf 88' lang='lat' dir='ltr'>regis</span> <span class='ocrx_word' id='word_1_204' title='bbox 850 3238 1003 3320; x_wconf 88' lang='lat' dir='ltr'>Stephani</span> <span class='ocrx_word' id='word_1_205' title='bbox 1028 3251 1209 3319; x_wconf 86' lang='lat' dir='ltr'>prorogata.</span> 
     </span>
    </p>

    <p class='ocr_par' dir='ltr' id='par_1_10' title="bbox 341 3343 1500 3427">
     <span class='ocr_line' id='line_1_28' title="bbox 341 3343 1500 3427; baseline -0.003 -20"><span class='ocrx_word' id='word_1_206' title='bbox 341 3347 417 3409; x_wconf 88' lang='lat' dir='ltr'>Item</span> <span class='ocrx_word' id='word_1_207' title='bbox 437 3347 592 3425; x_wconf 87' lang='lat' dir='ltr'>Orgouan</span> <span class='ocrx_word' id='word_1_208' title='bbox 610 3346 770 3407; x_wconf 87' lang='lat' dir='ltr'>Clementi</span> <span class='ocrx_word' id='word_1_209' title='bbox 789 3347 820 3405; x_wconf 93' lang='lat' dir='ltr'>in</span> <span class='ocrx_word' id='word_1_210' title='bbox 839 3343 1012 3427; x_wconf 90' lang='lat' dir='ltr'>quindenis</span> <span class='ocrx_word' id='word_1_211' title='bbox 1028 3344 1172 3425; x_wconf 89' lang='lat' dir='ltr'>quinque</span> <span class='ocrx_word' id='word_1_212' title='bbox 1190 3362 1312 3403; x_wconf 90' lang='lat' dir='ltr'>marcas</span> <span class='ocrx_word' id='word_1_213' title='bbox 1329 3343 1500 3422; x_wconf 89' lang='lat' dir='ltr'>persolvet.</span> 
     </span>
    </p>
   </div>
   <div class='ocr_carea' id='block_1_5' title="bbox 233 3465 1499 4484">
    <p class='ocr_par' dir='ltr' id='par_1_11' title="bbox 233 3465 1499 4484">
     <span class='ocr_line' id='line_1_29' title="bbox 339 3465 1499 3551; baseline -0.003 -20"><span class='ocrx_word' id='word_1_214' title='bbox 339 3468 440 3531; x_wconf 83' lang='lat' dir='ltr'>Nota!</span> <span class='ocrx_word' id='word_1_215' title='bbox 466 3470 553 3550; x_wconf 91' lang='lat' dir='ltr'>quod</span> <span class='ocrx_word' id='word_1_216' title='bbox 571 3489 626 3551; x_wconf 91' lang='lat' dir='ltr'>per</span> <span class='ocrx_word' id='word_1_217' title='bbox 645 3469 824 3529; x_wconf 87' lang='lat' dir='ltr'>universam</span> <span class='ocrx_word' id='word_1_218' title='bbox 849 3468 1114 3529; x_wconf 86' lang='lat' dir='ltr'>communitatem</span> <span class='ocrx_word' id='word_1_219' title='bbox 1131 3467 1236 3528; x_wconf 88' lang='lat' dir='ltr'>taliter</span> <span class='ocrx_word' id='word_1_220' title='bbox 1261 3465 1322 3527; x_wconf 84' lang='lat' dir='ltr'>fuit</span> <span class='ocrx_word' id='word_1_221' title='bbox 1346 3479 1499 3528; x_wconf 89' lang='lat' dir='ltr'>statutum</span> 
     </span>
     <span class='ocr_line' id='line_1_30' title="bbox 234 3572 1497 3656; baseline -0.002 -21"><span class='ocrx_word' id='word_1_222' title='bbox 234 3591 264 3636; x_wconf 92' lang='lat' dir='ltr'>et</span> <span class='ocrx_word' id='word_1_223' title='bbox 289 3575 483 3651; x_wconf 86' lang='lat' dir='ltr'>ordinatum,</span> <span class='ocrx_word' id='word_1_224' title='bbox 515 3576 602 3656; x_wconf 89' lang='lat' dir='ltr'>quod</span> <span class='ocrx_word' id='word_1_225' title='bbox 629 3576 733 3655; x_wconf 85' lang='lat' dir='ltr'>Draga</span> <span class='ocrx_word' id='word_1_226' title='bbox 766 3575 881 3636; x_wconf 89' lang='lat' dir='ltr'>mulier</span> <span class='ocrx_word' id='word_1_227' title='bbox 905 3575 1013 3635; x_wconf 91' lang='lat' dir='ltr'>relicta</span> <span class='ocrx_word' id='word_1_228' title='bbox 1044 3574 1110 3634; x_wconf 90' lang='lat' dir='ltr'>Juri</span> <span class='ocrx_word' id='word_1_229' title='bbox 1144 3592 1311 3654; x_wconf 91' lang='lat' dir='ltr'>nunquam</span> <span class='ocrx_word' id='word_1_230' title='bbox 1344 3572 1440 3634; x_wconf 93' lang='lat' dir='ltr'>debet</span> <span class='ocrx_word' id='word_1_231' title='bbox 1464 3573 1497 3633; x_wconf 94' lang='lat' dir='ltr'>in</span> 
     </span>
     <span class='ocr_line' id='line_1_31' title="bbox 236 3678 1495 3762; baseline -0.003 -19"><span class='ocrx_word' id='word_1_232' title='bbox 236 3681 389 3762; x_wconf 89' lang='lat' dir='ltr'>Capitulo</span> <span class='ocrx_word' id='word_1_233' title='bbox 415 3700 543 3741; x_wconf 88' lang='lat' dir='ltr'>manere</span> <span class='ocrx_word' id='word_1_234' title='bbox 574 3700 680 3762; x_wconf 88' lang='lat' dir='ltr'>neque</span> <span class='ocrx_word' id='word_1_235' title='bbox 705 3681 799 3741; x_wconf 92' lang='lat' dir='ltr'>alicui</span> <span class='ocrx_word' id='word_1_236' title='bbox 829 3681 925 3757; x_wconf 89' lang='lat' dir='ltr'>coire,</span> <span class='ocrx_word' id='word_1_237' title='bbox 956 3680 1016 3740; x_wconf 88' lang='lat' dir='ltr'>nisi</span> <span class='ocrx_word' id='word_1_238' title='bbox 1050 3693 1206 3760; x_wconf 89' lang='lat' dir='ltr'>quantum</span> <span class='ocrx_word' id='word_1_239' title='bbox 1236 3678 1277 3739; x_wconf 88' lang='lat' dir='ltr'>ad</span> <span class='ocrx_word' id='word_1_240' title='bbox 1300 3679 1430 3740; x_wconf 87' lang='lat' dir='ltr'>missam</span> <span class='ocrx_word' id='word_1_241' title='bbox 1454 3679 1495 3740; x_wconf 89' lang='lat' dir='ltr'>ad</span> 
     </span>
     <span class='ocr_line' id='line_1_32' title="bbox 234 3783 1499 3868; baseline -0.001 -22"><span class='ocrx_word' id='word_1_242' title='bbox 234 3787 413 3868; x_wconf 89' lang='lat' dir='ltr'>predictum</span> <span class='ocrx_word' id='word_1_243' title='bbox 439 3786 628 3867; x_wconf 90' lang='lat' dir='ltr'>Capitulum</span> <span class='ocrx_word' id='word_1_244' title='bbox 652 3787 784 3847; x_wconf 90' lang='lat' dir='ltr'>liberam</span> <span class='ocrx_word' id='word_1_245' title='bbox 811 3785 942 3847; x_wconf 91' lang='lat' dir='ltr'>habebit</span> <span class='ocrx_word' id='word_1_246' title='bbox 968 3786 1153 3846; x_wconf 88' lang='lat' dir='ltr'>transeundi</span> <span class='ocrx_word' id='word_1_247' title='bbox 1188 3783 1383 3862; x_wconf 84' lang='lat' dir='ltr'>facultatem,</span> <span class='ocrx_word' id='word_1_248' title='bbox 1410 3799 1441 3846; x_wconf 92' lang='lat' dir='ltr'>et</span> <span class='ocrx_word' id='word_1_249' title='bbox 1467 3785 1499 3845; x_wconf 94' lang='lat' dir='ltr'>in</span> 
     </span>
     <span class='ocr_line' id='line_1_33' title="bbox 233 3890 1499 3973; baseline -0.002 -21"><span class='ocrx_word' id='word_1_250' title='bbox 233 3913 288 3953; x_wconf 92' lang='lat' dir='ltr'>sua</span> <span class='ocrx_word' id='word_1_251' title='bbox 324 3893 476 3953; x_wconf 88' lang='lat' dir='ltr'>civilitate</span> <span class='ocrx_word' id='word_1_252' title='bbox 509 3892 608 3953; x_wconf 91' lang='lat' dir='ltr'>libere</span> <span class='ocrx_word' id='word_1_253' title='bbox 634 3913 763 3955; x_wconf 90' lang='lat' dir='ltr'>manere</span> <span class='ocrx_word' id='word_1_254' title='bbox 795 3905 960 3973; x_wconf 91' lang='lat' dir='ltr'>tamquam</span> <span class='ocrx_word' id='word_1_255' title='bbox 994 3906 1102 3952; x_wconf 90' lang='lat' dir='ltr'>nostra</span> <span class='ocrx_word' id='word_1_256' title='bbox 1134 3891 1266 3966; x_wconf 89' lang='lat' dir='ltr'>civissa;</span> <span class='ocrx_word' id='word_1_257' title='bbox 1298 3890 1385 3972; x_wconf 92' lang='lat' dir='ltr'>quod</span> <span class='ocrx_word' id='word_1_258' title='bbox 1410 3891 1436 3951; x_wconf 90' lang='lat' dir='ltr'>si</span> <span class='ocrx_word' id='word_1_259' title='bbox 1460 3890 1499 3950; x_wconf 91' lang='lat' dir='ltr'>de</span> 
     </span>
     <span class='ocr_line' id='line_1_34' title="bbox 233 3995 1499 4079; baseline -0.003 -19"><span class='ocrx_word' id='word_1_260' title='bbox 233 4013 338 4060; x_wconf 92' lang='lat' dir='ltr'>cetero</span> <span class='ocrx_word' id='word_1_261' title='bbox 363 3999 394 4059; x_wconf 94' lang='lat' dir='ltr'>in</span> <span class='ocrx_word' id='word_1_262' title='bbox 427 3998 537 4079; x_wconf 88' lang='lat' dir='ltr'>aliquo</span> <span class='ocrx_word' id='word_1_263' title='bbox 568 3999 654 4059; x_wconf 91' lang='lat' dir='ltr'>malo</span> <span class='ocrx_word' id='word_1_264' title='bbox 686 4000 815 4060; x_wconf 91' lang='lat' dir='ltr'>inventa</span> <span class='ocrx_word' id='word_1_265' title='bbox 848 3997 953 4076; x_wconf 81' lang='lat' dir='ltr'>fuerit,</span> <span class='ocrx_word' id='word_1_266' title='bbox 986 4011 1101 4059; x_wconf 84' lang='lat' dir='ltr'>extunc</span> <span class='ocrx_word' id='word_1_267' title='bbox 1133 3997 1243 4058; x_wconf 90' lang='lat' dir='ltr'>omnia</span> <span class='ocrx_word' id='word_1_268' title='bbox 1268 3999 1353 4057; x_wconf 91' lang='lat' dir='ltr'>bona</span> <span class='ocrx_word' id='word_1_269' title='bbox 1378 4016 1434 4057; x_wconf 89' lang='lat' dir='ltr'>sua</span> <span class='ocrx_word' id='word_1_270' title='bbox 1459 3995 1499 4056; x_wconf 90' lang='lat' dir='ltr'>ad</span> 
     </span>
     <span class='ocr_line' id='line_1_35' title="bbox 234 4087 1497 4185; baseline -0.001 -21"><span class='ocrx_word' id='word_1_271' title='bbox 234 4087 498 4165; x_wconf 82' lang='lat' dir='ltr'>communitatem</span> <span class='ocrx_word' id='word_1_272' title='bbox 530 4125 695 4166; x_wconf 89' lang='lat' dir='ltr'>remanere</span> <span class='ocrx_word' id='word_1_273' title='bbox 727 4105 891 4166; x_wconf 88' lang='lat' dir='ltr'>debebunt</span> <span class='ocrx_word' id='word_1_274' title='bbox 922 4105 992 4185; x_wconf 93' lang='lat' dir='ltr'>ipso</span> <span class='ocrx_word' id='word_1_275' title='bbox 1024 4102 1107 4165; x_wconf 90' lang='lat' dir='ltr'>facto</span> <span class='ocrx_word' id='word_1_276' title='bbox 1136 4104 1204 4163; x_wconf 90' lang='lat' dir='ltr'>sine</span> <span class='ocrx_word' id='word_1_277' title='bbox 1237 4102 1497 4164; x_wconf 83' lang='lat' dir='ltr'>contradictione</span> 
     </span>
     <span class='ocr_line' id='line_1_36' title="bbox 233 4207 1496 4290; baseline -0.002 -20"><span class='ocrx_word' id='word_1_278' title='bbox 233 4210 364 4290; x_wconf 88' lang='lat' dir='ltr'>aliquali</span> <span class='ocrx_word' id='word_1_279' title='bbox 382 4224 412 4269; x_wconf 91' lang='lat' dir='ltr'>et</span> <span class='ocrx_word' id='word_1_280' title='bbox 436 4211 570 4290; x_wconf 89' lang='lat' dir='ltr'>turpiter</span> <span class='ocrx_word' id='word_1_281' title='bbox 594 4211 633 4271; x_wconf 92' lang='lat' dir='ltr'>de</span> <span class='ocrx_word' id='word_1_282' title='bbox 651 4211 777 4272; x_wconf 92' lang='lat' dir='ltr'>civitate</span> <span class='ocrx_word' id='word_1_283' title='bbox 801 4225 967 4290; x_wconf 87' lang='lat' dir='ltr'>tamquam</span> <span class='ocrx_word' id='word_1_284' title='bbox 986 4210 1068 4269; x_wconf 91' lang='lat' dir='ltr'>male</span> <span class='ocrx_word' id='word_1_285' title='bbox 1087 4209 1287 4271; x_wconf 90' lang='lat' dir='ltr'>condicionis</span> <span class='ocrx_word' id='word_1_286' title='bbox 1310 4207 1440 4289; x_wconf 90' lang='lat' dir='ltr'>expelli.</span> <span class='ocrx_word' id='word_1_287' title='bbox 1456 4243 1496 4252; x_wconf 89' lang='lat'>-</span> 
     </span>
     <span class='ocr_line' id='line_1_37' title="bbox 234 4315 1499 4398; baseline -0.001 -22"><span class='ocrx_word' id='word_1_288' title='bbox 234 4316 459 4377; x_wconf 89' lang='lat' dir='ltr'>Communitas</span> <span class='ocrx_word' id='word_1_289' title='bbox 483 4315 556 4377; x_wconf 84' lang='lat' dir='ltr'>iecit</span> <span class='ocrx_word' id='word_1_290' title='bbox 580 4317 685 4396; x_wconf 88' lang='lat' dir='ltr'>Drage</span> <span class='ocrx_word' id='word_1_291' title='bbox 703 4317 843 4398; x_wconf 89' lang='lat' dir='ltr'>predicte</span> <span class='ocrx_word' id='word_1_292' title='bbox 861 4317 1001 4397; x_wconf 84' lang='lat' dir='ltr'>graciam</span> <span class='ocrx_word' id='word_1_293' title='bbox 1020 4316 1051 4376; x_wconf 95' lang='lat' dir='ltr'>in</span> <span class='ocrx_word' id='word_1_294' title='bbox 1077 4315 1213 4376; x_wconf 91' lang='lat' dir='ltr'>consilio</span> <span class='ocrx_word' id='word_1_295' title='bbox 1232 4316 1376 4396; x_wconf 88' lang='lat' dir='ltr'>ipsorum</span> <span class='ocrx_word' id='word_1_296' title='bbox 1401 4334 1499 4394; x_wconf 88' lang='lat' dir='ltr'>gene·</span> 
     </span>
     <span class='ocr_line' id='line_1_38' title="bbox 234 4421 825 4484; baseline 0.007 -4"><span class='ocrx_word' id='word_1_297' title='bbox 234 4421 290 4480; x_wconf 89' lang='lat' dir='ltr'>rali</span> <span class='ocrx_word' id='word_1_298' title='bbox 315 4435 345 4481; x_wconf 89' lang='lat' dir='ltr'>et</span> <span class='ocrx_word' id='word_1_299' title='bbox 369 4421 527 4482; x_wconf 90' lang='lat' dir='ltr'>dederunt</span> <span class='ocrx_word' id='word_1_300' title='bbox 550 4423 610 4483; x_wconf 81' lang='lat' dir='ltr'>sibi</span> <span class='ocrx_word' id='word_1_301' title='bbox 635 4422 825 4484; x_wconf 90' lang='lat' dir='ltr'>libertatem.</span> 
     </span>
    </p>
   </div>
   <div class='ocr_carea' id='block_1_6' title="bbox 232 4543 1497 4832">
    <p class='ocr_par' dir='ltr' id='par_1_12' title="bbox 232 4543 1497 4832">
     <span class='ocr_line' id='line_1_39' title="bbox 339 4543 1497 4626; baseline 0.001 -23"><span class='ocrx_word' id='word_1_302' title='bbox 339 4543 416 4604; x_wconf 93' lang='lat' dir='ltr'>ltem</span> <span class='ocrx_word' id='word_1_303' title='bbox 441 4544 579 4606; x_wconf 88' lang='lat' dir='ltr'>Vardich</span> <span class='ocrx_word' id='word_1_304' title='bbox 603 4546 708 4626; x_wconf 92' lang='lat' dir='ltr'>primo</span> <span class='ocrx_word' id='word_1_305' title='bbox 733 4545 853 4622; x_wconf 82' lang='lat' dir='ltr'>judicio</span> <span class='ocrx_word' id='word_1_306' title='bbox 876 4560 949 4626; x_wconf 87' lang='lat' dir='ltr'>post</span> <span class='ocrx_word' id='word_1_307' title='bbox 977 4545 1092 4607; x_wconf 81' lang='lat' dir='ltr'>festum</span> <span class='ocrx_word' id='word_1_308' title='bbox 1117 4545 1216 4605; x_wconf 89' lang='lat' dir='ltr'>sancti</span> <span class='ocrx_word' id='word_1_309' title='bbox 1242 4545 1324 4625; x_wconf 87' lang='lat' dir='ltr'>regis</span> <span class='ocrx_word' id='word_1_310' title='bbox 1343 4543 1497 4626; x_wconf 87' lang='lat' dir='ltr'>Stephani</span> 
     </span>
     <span class='ocr_line' id='line_1_40' title="bbox 232 4648 1496 4732; baseline 0.002 -24"><span class='ocrx_word' id='word_1_311' title='bbox 232 4666 289 4727; x_wconf 91' lang='lat' dir='ltr'>per</span> <span class='ocrx_word' id='word_1_312' title='bbox 321 4648 482 4726; x_wconf 86' lang='lat' dir='ltr'>Mahnam,</span> <span class='ocrx_word' id='word_1_313' title='bbox 513 4649 753 4732; x_wconf 81' lang='lat' dir='ltr'>Wlltouycham</span> <span class='ocrx_word' id='word_1_314' title='bbox 786 4663 817 4711; x_wconf 91' lang='lat' dir='ltr'>et</span> <span class='ocrx_word' id='word_1_315' title='bbox 849 4650 997 4712; x_wconf 90' lang='lat' dir='ltr'>Graciam</span> <span class='ocrx_word' id='word_1_316' title='bbox 1029 4651 1176 4712; x_wconf 88' lang='lat' dir='ltr'>atestabit</span> <span class='ocrx_word' id='word_1_317' title='bbox 1207 4670 1300 4731; x_wconf 93' lang='lat' dir='ltr'>super</span> <span class='ocrx_word' id='word_1_318' title='bbox 1325 4669 1375 4728; x_wconf 91' lang='lat' dir='ltr'>eo,</span> <span class='ocrx_word' id='word_1_319' title='bbox 1406 4648 1496 4731; x_wconf 88' lang='lat' dir='ltr'>quod</span> 
     </span>
     <span class='ocr_line' id='line_1_41' title="bbox 234 4754 1117 4832; baseline 0.005 -19"><span class='ocrx_word' id='word_1_320' title='bbox 234 4754 375 4832; x_wconf 90' lang='lat' dir='ltr'>quodam</span> <span class='ocrx_word' id='word_1_321' title='bbox 400 4755 552 4816; x_wconf 89' lang='lat' dir='ltr'>scrinium</span> <span class='ocrx_word' id='word_1_322' title='bbox 576 4775 669 4817; x_wconf 89' lang='lat' dir='ltr'>snum</span> <span class='ocrx_word' id='word_1_323' title='bbox 694 4754 747 4816; x_wconf 88' lang='lat' dir='ltr'>fiat</span> <span class='ocrx_word' id='word_1_324' title='bbox 772 4756 804 4817; x_wconf 95' lang='lat' dir='ltr'>in</span> <span class='ocrx_word' id='word_1_325' title='bbox 829 4756 928 4818; x_wconf 94' lang='lat' dir='ltr'>domo</span> <span class='ocrx_word' id='word_1_326' title='bbox 952 4755 1117 4819; x_wconf 89' lang='lat' dir='ltr'>Johannis.</span> 
     </span>
    </p>
   </div>
   <div class='ocr_carea' id='block_1_7' title="bbox 0 0 1740 5234">
    <p class='ocr_par' dir='ltr' id='par_1_13' title="bbox 0 0 1740 5234">
     <span class='ocr_line' id='line_1_42' title="bbox 0 0 1740 5234; baseline 0 2"><span class='ocrx_word' id='word_1_327' title='bbox 0 0 1740 5234; x_wconf 95' lang='lat' dir='ltr'> </span> 
     </span>
    </p>
   </div>
  </div>
 </body>
</html>
