3472 5234
575 292 662 350 Anno
682 287 776 366 1389.
801 323 838 332 -
867 303 916 349 12.
939 288 1109 349 novembris.

212 527 229 568 a
256 506 400 569 terciaria
426 502 633 565 revolucione
666 499 851 581 Incipiendo
882 513 945 560 tam
970 517 1026 580 per
1058 497 1208 579 antiquos
1231 496 1354 578 judices
1380 516 1478 579 quam

212 611 333 693 juratos
357 611 438 671 inter
462 610 545 691 ipsas
569 620 674 690 partas
698 604 895 685 adjudicatas
919 602 1157 683 confirmamus,
1182 616 1213 665 et
1237 603 1311 664 ideo
1337 601 1479 684 prefatus

213 717 366 780 Nicolaus
390 713 538 777 Delasich
556 711 792 795 quinquaginta
815 723 878 772 tres
895 710 964 773 flor.
988 711 1057 772 auri
1080 710 1165 772 dicto
1190 708 1329 773 Iohanni
1354 708 1478 770 solvere

211 829 369 887 teneatur.

317 947 558 1030 Assumpsimus
582 964 641 1005 nos
667 943 791 1025 antiqui
825 942 948 1023 judices
978 954 1014 1003 ut
1037 940 1223 1022 ubicunque
1255 938 1397 1022 prelatus
1422 940 1478 1001 Ni-

215 1056 325 1118 colaus
341 1054 466 1136 aIIquas
481 1072 531 1114 res
548 1051 782 1112 Tetonicorum
809 1061 961 1110 arestaret
986 1060 1101 1109 extunc
1130 1066 1204 1108 eum
1232 1047 1368 1107 omnino
1393 1092 1426 1109 ..
1446 1092 1479 1109 ..

215 1160 379 1223 adiutorio
402 1160 508 1221 eidem
533 1156 684 1218 volumus
708 1154 888 1217 subvenire.

319 1410 416 1486 Ieria
444 1420 544 1485 sexta
571 1412 725 1502 proxima
754 1417 832 1481 ante
859 1409 983 1481 festum
1012 1407 1165 1480 Omnium
1193 1415 1399 1479 sanctorum.

729 1583 795 1662 (29.
819 1581 961 1643 octobris).

322 1744 399 1804 Item
432 1762 524 1804 causa
558 1740 712 1803 Iohannis
736 1740 893 1803 Praudich
925 1753 1035 1802 contra
1067 1740 1191 1801 Lukam
1224 1738 1406 1801 carnificem
1438 1738 1478 1801 ad

215 1869 327 1932 pacem
353 1863 400 1911 est
423 1861 559 1931 recepta.

321 1955 400 2016 Item
425 1953 587 2016 Iohannes
618 1966 728 2014 contra
752 1952 923 2014 Nicolaum
957 1953 1105 2015 Delasich
1136 1953 1241 2036 primo
1273 1952 1387 2014 citatus
1415 1971 1480 2013 non

216 2061 405 2143 comparuit.

321 2166 399 2228 Item
424 2185 519 2227 causa
543 2165 673 2248 Mathey
698 2165 811 2226 decani
839 2178 948 2226 contra
973 2164 1153 2227 Iohannem
1185 2184 1287 2247 usque
1311 2177 1385 2226 octo
1410 2164 1479 2228 dles

216 2283 263 2334 est
286 2284 468 2353 prorogata.

323 2376 401 2439 Item
425 2376 550 2438 Blasich
575 2390 685 2439 contra
710 2375 903 2458 Gregorium
928 2377 1033 2459 primo
1063 2377 1176 2439 citatus
1200 2396 1264 2438 non
1289 2377 1472 2459 comparuit

324 2482 401 2545 Item
417 2482 500 2543 Iwan
515 2496 624 2544 contra
638 2482 801 2545 Thomam
815 2496 956 2544 sutorem
969 2482 1074 2565 prImo
1088 2483 1201 2544 citatus
1211 2502 1275 2544 non
1290 2484 1480 2565 comparuit.

324 2589 402 2651 Item
417 2589 473 2650 Sib
484 2588 590 2649 Endre
604 2602 713 2664 contra
728 2589 894 2651 SImonem
910 2601 1063 2650 sartorem
1075 2588 1249 2650 octavodie
1263 2589 1480 2671 respondebit.

324 2694 403 2757 Item
428 2696 542 2757 Paulas
565 2708 675 2757 contra
697 2695 860 2758 Thomam
889 2696 994 2777 primo
1018 2695 1131 2756 citatus
1154 2714 1220 2757 non
1246 2696 1435 2777 comparuit.

325 2800 402 2862 Item
416 2802 564 2862 Vrbanus
576 2799 736 2864 aurifaber
753 2815 863 2864 contra
877 2800 1054 2882 Georgium
1068 2814 1181 2863 octavo
1196 2801 1247 2863 dle
1261 2800 1478 2884 respondebit.

325 2907 403 2968 Item
427 2907 610 2967 Anthonius
642 2906 732 2967 lokar
764 2919 874 2968 contra
898 2906 1012 2988 Jaklyn
1037 2919 1151 2968 octavo
1184 2905 1235 2966 die
1260 2906 1478 2987 respondebit.

324 3013 401 3074 Item
417 3011 593 3092 Gregorius
607 3011 761 3094 voyschar
774 3032 912 3074 unacum
927 3013 1028 3075 Cursa
1043 3013 1204 3074 racionem
1219 3032 1338 3095 ponere
1352 3012 1480 3076 debent.

324 3118 403 3180 Item
428 3117 658 3179 Stachunarich
682 3137 782 3198 usque
800 3118 980 3198 quindenas
997 3117 1089 3180 Cilus
1113 3119 1256 3201 quinque
1281 3138 1402 3180 marcas
1418 3119 1481 3180 sol·

219 3242 292 3283 vere
323 3224 430 3287 debet.

325 3328 403 3390 Item
421 3330 584 3390 Iohannes
608 3343 721 3390 octavo
745 3329 797 3390 die
822 3344 931 3391 contra
959 3329 1082 3391 Jursich
1109 3330 1325 3410 respondebit.

246 3580 342 3655 serta
371 3592 470 3655 sexta
507 3586 660 3672 proxImn
694 3591 770 3672 post
798 3583 919 3654 festum
957 3584 1046 3655 beati
1075 3585 1214 3656 Martini
1243 3585 1456 3658 confessorIs.

708 3757 768 3831 (12.
803 3756 983 3830 novembris).

326 3915 403 3976 Item
435 3913 581 3997 Mathyas
612 3928 643 3974 et
675 3914 830 3975 Martinus
862 3927 971 3975 contra
1004 3914 1125 3975 Lucam
1157 3916 1260 3995 prImo
1295 3915 1380 3978 citati
1414 3937 1480 3979 non

220 4034 481 4104 comparuerunt.
1300 4023 1302 4026 ’

328 4128 405 4189 Item
424 4128 562 4188 Iacobus
579 4125 709 4208 pellifex
726 4140 835 4187 contra
853 4127 939 4208 Spun
957 4126 1060 4207 primo
1078 4127 1191 4187 citatus
1209 4146 1274 4188 non
1291 4129 1481 4210 comparuit.

328 4233 404 4295 Item
431 4233 583 4294 Lucasius
607 4246 716 4294 contra
741 4230 926 4315 PhIIIppum
951 4232 1055 4312 prImo
1073 4232 1185 4294 citatus
1202 4253 1267 4294 non
1292 4235 1481 4316 comparuit.

327 4338 404 4399 Item
430 4338 544 4399 Paulas
561 4351 670 4400 contra
688 4338 851 4400 Thomam
872 4337 1063 4399 secundario
1080 4339 1193 4400 citatus
1209 4359 1274 4400 non
1292 4341 1481 4422 comparuit.

328 4443 404 4506 Item
431 4464 525 4505 causa
550 4444 692 4506 Simonis
716 4458 824 4506 contra
843 4445 899 4506 Sib
924 4463 1025 4525 usque
1050 4456 1123 4505 octo
1147 4444 1215 4505 dies
1237 4445 1276 4506 ad
1300 4466 1412 4527 pacem
1437 4460 1484 4507 est

220 4563 360 4632 recepta.

327 4655 405 4718 Item
441 4657 608 4719 Emericus
642 4676 777 4740 arcupar
819 4669 928 4719 contra
962 4657 1091 4718 Petrum
1127 4657 1231 4738 prImo
1267 4657 1381 4721 citatus
1417 4677 1483 4721 non

221 4762 413 4845 comparuit.
