3472 5234
595 369 681 426 Anno
705 364 796 443 1383.
823 402 861 411 —
886 365 939 428 28.
964 369 1077 442 aprilis.

1412 390 1470 482 ¹9?

208 476 287 484 —.
298 476 365 482 -.-
1165 475 1433 481 ——-

314 580 394 643 Item
418 578 555 641 Mathias
579 578 716 640 condam
734 577 855 659 juratus
872 591 982 640 contra
1007 578 1146 640 eundem
1169 578 1350 641 Iohannem
1365 580 1471 662 prImo

208 688 323 751 citatus
346 706 412 748 non
437 685 626 768 comparuit.

314 794 393 855 Item
409 793 562 855 Nicolaus
586 790 670 853 filius
694 790 818 852 Odolas
834 804 948 853 octavo
973 791 1024 853 die
1048 812 1206 873 supereo
1230 793 1358 875 jurabit,
1382 793 1469 874 quod

207 901 292 962 Iwan
317 899 401 962 filius
426 899 532 961 Mathe
557 899 617 960 sibi
642 897 788 960 ducentis
815 897 1050 979 quinquaginta
1082 919 1135 958 sex
1161 899 1290 962 florenis
1322 900 1390 960 auri
1416 899 1469 960 de-

207 1008 291 1069 bitor
315 1005 419 1068 fuerit.

313 1113 390 1175 Item
424 1111 508 1174 idem
542 1109 695 1173 Nicolaus
726 1110 813 1172 solus
836 1129 931 1192 super
961 1129 1000 1171 eo
1032 1108 1159 1192 jurabit,
1193 1111 1280 1192 quod
1306 1112 1371 1193 ipse
1397 1127 1470 1194 post

207 1217 323 1280 festum
347 1217 530 1280 Natiuitatis
553 1216 676 1278 domini
695 1217 839 1298 proxime
863 1215 1050 1298 preteritum
1074 1216 1159 1277 Iwan
1176 1216 1279 1278 filium
1305 1216 1411 1278 Mathe
1429 1216 1468 1278 ad

207 1323 415 1386 mercandum
440 1323 547 1405 quoad
572 1323 757 1384 societatem
780 1342 845 1384 non
870 1323 1085 1404 assumpserit.

313 1431 392 1493 Item
416 1449 547 1493 consors
579 1427 719 1512 Myndos
747 1429 847 1491 tercio
871 1448 905 1490 se
936 1442 1050 1490 octavo
1075 1428 1126 1490 die
1158 1449 1316 1511 supereo
1340 1429 1468 1510 jurabit,

208 1537 296 1619 quod
316 1538 383 1620 ipsa
400 1537 432 1598 in
458 1535 541 1598 facto
566 1535 779 1617 quarumdam
804 1534 947 1616 quinque
969 1555 1147 1596 marcarum
1172 1549 1282 1597 contra
1305 1535 1469 1598 Thomam

206 1644 347 1726 juratum
372 1642 526 1705 innocens
550 1643 671 1703 existat.

312 1767 390 1830 Item
416 1767 564 1828 Vrbanus
587 1765 672 1827 filius
695 1766 804 1827 Vrank
828 1764 867 1826 de
895 1765 1054 1848 Zauersya
1087 1779 1200 1827 octavo
1233 1765 1285 1827 die
1309 1786 1403 1848 super
1429 1787 1468 1828 eo

205 1873 322 1955 jurabit
339 1874 371 1934 in
389 1872 473 1935 facto
490 1873 695 1956 spoliacionis
712 1891 816 1934 rerum
835 1891 890 1933 seu
909 1872 973 1933 vini
990 1871 1206 1953 quorumdam
1220 1871 1465 1934 CorintInorum

205 1981 359 2042 innocens
383 1980 505 2060 existat,
528 1998 567 2041 eo
590 1978 678 2060 quod
710 1979 811 2039 eciam
844 1993 909 2039 erat
933 1978 965 2038 in
998 1978 1080 2039 mala
1106 1976 1201 2056 fama,
1233 1977 1406 2040 duodecim
1431 1999 1463 2039 se

205 2086 402 2151 hominibus.

359 2320 455 2396 Ieria
483 2324 590 2395 tercIa
618 2325 772 2412 proxima
802 2330 876 2413 post
905 2324 1028 2395 festam
1056 2326 1166 2396 sancti
1197 2325 1312 2395 Marci.

725 2493 793 2572 (28.
816 2494 943 2571 aprilis).

310 2655 387 2735 Item
423 2653 582 2735 Georgius
616 2653 737 2734 juratus
768 2668 877 2716 contra
914 2654 1113 2736 Mychaelem
1149 2653 1316 2736 Ortoflych
1352 2666 1466 2715 octavo

204 2762 255 2823 die
281 2760 497 2843 respondebit.

309 2867 388 2928 Item
402 2866 520 2927 Paulus
536 2868 627 2927 rakar
642 2880 750 2927 contra
769 2866 931 2927 Thomam
946 2866 1050 2948 primo
1068 2867 1179 2928 citatus
1196 2885 1260 2927 non
1275 2865 1464 2947 comparuit.

311 2975 387 3037 Item
423 2974 584 3035 Iohannes
616 2973 712 3035 Liber
742 2987 856 3034 octavo
888 2972 939 3033 die
968 2993 1024 3054 per
1057 2972 1251 3033 Hanslinum
1275 2987 1304 3032 et
1328 2972 1465 3032 alterum

204 3081 399 3143 Haninnum
416 3078 477 3141 hoc
494 3080 650 3157 atesrabit,
668 3078 756 3160 quod
770 3078 925 3161 Zekyrich
943 3093 1122 3140 consortem
1137 3098 1227 3139 suam
1246 3079 1464 3159 vituperasset.

309 3188 387 3249 Item
413 3186 499 3248 idem
523 3185 685 3247 Iohannes
709 3206 764 3267 per
788 3185 1001 3247 Laurencium
1027 3198 1057 3245 et
1074 3183 1252 3265 Georgium
1276 3183 1396 3264 juratos
1412 3204 1464 3245 oc-

203 3308 276 3356 tavo
301 3292 353 3354 die
376 3293 437 3354 hoc
461 3293 618 3370 atestabit,
642 3291 730 3373 quod
756 3292 860 3374 ipsum
884 3290 1039 3373 ZekyrIch
1064 3291 1281 3373 vituperasset.

308 3418 388 3480 Item
412 3417 530 3478 Endrei
557 3417 622 3500 Syb
648 3430 757 3479 contra
782 3416 940 3478 Ianchech
966 3430 1079 3479 octavo
1104 3415 1156 3477 die
1180 3416 1396 3497 respondebit.

311 3524 388 3586 Item
412 3524 561 3585 Vrbanus
585 3522 669 3585 filius
698 3524 787 3585 Bank
812 3523 851 3584 de
883 3524 1045 3606 Zauorsya
1076 3522 1271 3585 duodecimo
1295 3544 1327 3585 se
1359 3525 1462 3586 homi·

202 3631 297 3692 nibus
320 3630 511 3714 premissum
534 3649 627 3692 suum
658 3629 874 3712 juramentum
906 3628 989 3692 sacto
1021 3631 1053 3691 in
1086 3630 1261 3713 prescripto
1290 3651 1385 3693 suum
1409 3632 1462 3693 de-

202 3737 308 3820 posuit
332 3750 366 3797 ut
390 3735 537 3815 debebat,
562 3736 635 3798 ideo
659 3750 705 3798 est
729 3736 904 3819 expeditus.

308 3843 387 3904 Item
411 3862 504 3904 causa
528 3842 659 3904 domine
684 3843 791 3905 relicte
815 3843 941 3905 Nicolai
969 3841 1027 3904 rufi
1053 3855 1162 3904 contra
1186 3857 1366 3906 consortem
1392 3845 1463 3907 Cri·

202 3951 288 4012 stIIni
314 3949 354 4011 ad
379 3962 529 4011 octavum
554 3949 640 4011 diem
663 3949 702 4011 ad
727 3969 838 4032 pacem
863 3962 909 4011 est
932 3964 1068 4032 recepta.

307 4056 386 4118 Item
411 4075 503 4117 causa
522 4056 645 4118 Nicolai
664 4071 772 4118 contra
790 4056 944 4118 Mathiam
966 4056 1006 4119 de
1023 4057 1120 4118 Jarun
1145 4057 1185 4118 ad
1208 4071 1359 4120 octavum
1376 4058 1462 4120 diem

202 4161 243 4224 ad
266 4180 377 4244 pacem
403 4175 449 4223 est
473 4176 609 4244 recepta.

309 4285 385 4348 Item
411 4286 556 4348 Thomas
580 4301 689 4349 contra
714 4300 894 4349 consortem
920 4284 1067 4368 Gregorii
1092 4285 1149 4348 filii
1181 4287 1335 4349 Iohannis
1358 4288 1462 4370 primo

203 4392 315 4454 citatus
336 4412 401 4454 non
427 4394 615 4476 comparuit.

308 4500 387 4562 Item
419 4520 513 4562 causa
538 4500 692 4563 Iohannis
716 4498 805 4581 figuli
842 4514 953 4562 contra
985 4499 1170 4561 Emericum
1201 4520 1390 4582 arcuparum
1422 4502 1462 4564 ad

203 4619 351 4668 octavum
376 4606 461 4667 diem
487 4606 526 4668 ad
552 4626 661 4689 pacem
687 4620 733 4667 est
759 4594 895 4688 recepta.

309 4713 387 4775 Item
412 4733 505 4774 causa
530 4712 661 4794 Georgii
687 4713 783 4775 Loter
814 4725 924 4775 contra
956 4713 1100 4773 Marcum
1133 4711 1235 4773 filium
1260 4713 1396 4795 Mykech
1421 4714 1461 4775 ad

203 4831 352 4881 octavum
376 4819 462 4881 diem
487 4819 527 4880 ad
550 4839 661 4903 pacem
687 4834 732 4881 est
755 4833 891 4901 recepta.
