3472 5234
333 533 412 594 Item
438 530 577 615 Gyunga
602 532 717 593 mulier
740 532 902 614 penestica
926 544 972 592 est
995 551 1054 612 pro
1071 529 1233 612 premissis
1256 531 1422 614 vituperiis
1437 551 1495 614 per

230 637 352 720 juratos
376 638 520 720 qualibet
544 639 684 720 ipsarum
709 638 741 700 in
757 638 787 700 X
807 637 921 699 marcis
938 637 1085 701 convicta
1101 648 1132 698 et
1154 635 1252 717 judici
1276 637 1356 700 duas
1372 657 1495 700 marcas

230 743 437 806 denariorum
462 745 494 805 in
519 743 691 826 quindenis
713 743 867 807 soluture.

336 850 413 913 Item
438 870 531 912 causa
555 850 664 911 uxoris
687 849 835 931 Gregorii
856 849 972 930 Angeli
997 862 1028 910 et
1045 847 1183 931 Gyunge
1207 849 1352 911 mulieris
1376 862 1422 910 est
1438 868 1494 931 per

231 957 440 1020 Salomonem
463 971 577 1021 testem
602 956 643 1019 ad
673 957 814 1039 primum
846 955 1002 1037 judicium
1034 969 1106 1037 post
1130 956 1337 1019 Nativitatem
1369 955 1493 1016 domini

230 1078 357 1146 recepta
381 1064 421 1126 ad
446 1083 568 1146 pacem.

337 1170 412 1232 Item
438 1170 616 1231 Peterlinus
639 1182 768 1251 propter
792 1167 978 1250 nepharIam
1001 1168 1167 1231 accionem
1191 1188 1281 1230 suam
1305 1182 1416 1231 contra
1440 1168 1494 1230 Jo-

230 1272 369 1336 hannem
394 1273 520 1337 fabrum
538 1289 583 1336 est
602 1275 766 1336 convictus
782 1273 1005 1336 communitati
1030 1273 1063 1335 fn
1079 1274 1232 1355 premissa
1248 1292 1331 1355 pena
1354 1274 1387 1334 in
1403 1273 1493 1335 XXV

230 1382 344 1443 marcis
369 1381 585 1444 denariorum.

334 1487 411 1549 Item
436 1487 551 1549 Paulas
575 1501 684 1549 contra
702 1487 831 1549 Petrum
849 1487 1041 1567 Hungarum
1059 1486 1163 1569 primo
1188 1484 1308 1558 iudIcio
1332 1498 1405 1566 post
1428 1484 1492 1546 Na-

228 1593 385 1655 tivitatem
420 1592 544 1655 domini
576 1593 722 1655 atestabit
752 1613 809 1675 per
841 1593 1015 1654 Martinam
1048 1592 1158 1674 ergaui
1183 1604 1214 1653 et
1243 1589 1381 1674 Mykech
1405 1589 1492 1652 insti·

229 1712 332 1761 torem
357 1719 451 1782 super
476 1720 526 1779 eo,
558 1699 645 1781 quod
677 1699 763 1760 idern
796 1699 906 1760 Petrus
938 1699 1111 1780 Hungarus
1143 1698 1175 1759 in
1198 1697 1364 1780 Pethouya
1396 1715 1491 1758 suum

230 1806 422 1887 cappacium
447 1806 616 1887 recepisset
639 1805 827 1867 auctoritate
858 1805 1066 1887 potenciaria,
1097 1818 1128 1869 et
1152 1823 1218 1885 quo
1249 1822 1306 1864 sue
1330 1801 1493 1884 placueret

229 1911 386 1972 voluntati
410 1910 544 1973 fecisset.

336 2016 413 2078 Item
440 2016 552 2078 Marko
586 2015 707 2078 Gemez
739 2029 849 2078 contra
874 2017 963 2078 Akus
994 2016 1098 2099 primo
1130 2015 1251 2098 judicio
1275 2012 1492 2096 respondebit.

336 2121 442 2183 Posita
467 2135 513 2184 est
535 2142 620 2204 pena
642 2122 724 2183 iuter
746 2123 933 2203 magistrum
951 2123 1087 2184 Paulum
1111 2135 1143 2185 et
1167 2122 1257 2184 Mark
1280 2120 1370 2182 XXV
1386 2138 1492 2181 marce

229 2227 254 2288 si
280 2227 360 2308 alter
384 2228 520 2289 alterum
544 2229 643 2290 verbo
666 2227 718 2289 vel
741 2226 826 2290 facto
850 2228 1037 2292 offenderet.

297 2426 395 2501 Feria
423 2438 523 2502 sexta
549 2431 703 2521 proxima
730 2439 807 2520 post
833 2431 957 2503 festum
993 2430 1258 2520 Eplphaoiarum
1285 2430 1419 2500 domini.

640 2569 743 2646 (Anno
765 2577 853 2646 1377.
875 2580 909 2642 9.
925 2565 1088 2643 januam).

334 2709 442 2771 Primo
467 2708 628 2770 Johannes
651 2709 717 2770 Vos
748 2722 858 2771 contra
889 2708 1063 2790 parlerium
1088 2706 1261 2789 lapicidam
1293 2720 1407 2769 octavo
1439 2704 1491 2767 die

228 2816 375 2878 atestabit
398 2815 526 2877 racione
550 2815 730 2877 testamenti
752 2794 861 2876 relicte
886 2813 996 2876 Iacobi
1021 2814 1149 2875 sartoris
1165 2832 1221 2896 per
1245 2813 1424 2874 Barnabam
1442 2830 1491 2872 sa-

228 2922 401 3000 cerdotem,
427 2923 611 2999 MartInum,
630 2921 798 2982 Micliuum
822 2934 975 2982 sartorem
1001 2934 1031 2981 et
1047 2901 1209 2982 Tomkam
1234 2919 1404 2980 mulierem
1428 2938 1491 3000 que

228 3028 329 3110 ipsam
353 3027 535 3090 custodIvit.

333 3134 411 3195 Item
437 3133 588 3196 Clemens
611 3145 700 3194 sutor
724 3146 833 3194 contra
859 3131 967 3194 Sibich
992 3146 1106 3194 octavo
1131 3132 1183 3193 die
1207 3130 1423 3213 respondebit.

335 3240 413 3301 Item
437 3239 590 3301 Nicolaus
614 3238 806 3300 castellanus
830 3252 939 3300 contra
968 3237 1169 3321 Mychaelem
1193 3237 1352 3320 Damyani
1376 3249 1490 3297 octavo

228 3346 280 3408 die
304 3345 512 3428 respondebit
535 3345 663 3406 racione
687 3343 902 3425 quorumdam
927 3342 1135 3405 florenorum.

332 3452 409 3514 Item
435 3471 528 3512 causa
547 3451 661 3512 Paulas
686 3463 717 3512 et
740 3449 825 3511 Petri
843 3449 989 3530 Hungari
1009 3461 1054 3510 est
1077 3469 1134 3531 per
1150 3448 1287 3532 Mykech
1311 3448 1488 3510 institorem

227 3572 258 3620 et
282 3559 456 3620 Martinum
481 3557 520 3618 ad
545 3571 618 3618 octo
643 3556 711 3618 dies
740 3569 865 3638 recepta
889 3555 929 3617 ad
956 3576 1077 3638 pacem.

332 3664 409 3725 Item
443 3682 536 3724 causa
569 3661 735 3723 cuiusdam
767 3662 907 3724 hominis
939 3675 987 3725 est
1016 3682 1072 3744 per
1107 3662 1215 3724 Sibich
1247 3676 1279 3724 et
1309 3661 1489 3724 Iohannem

229 3767 425 3851 Ireniparum
449 3766 489 3828 ad
514 3781 587 3829 octo
612 3767 679 3829 dies
703 3782 829 3849 recepta
854 3768 894 3829 ad
917 3788 1040 3850 pacem.

334 3875 412 3936 Item
438 3893 531 3935 causa
554 3875 644 3934 Altus
668 3887 699 3936 et
715 3874 878 3935 Markonis
901 3873 958 3936 filii
977 3873 1098 3936 Gemez
1123 3887 1169 3936 est
1192 3894 1248 3957 per
1272 3873 1425 3937 Malinich
1448 3873 1489 3936 ad

227 3976 339 4040 feriam
363 3979 494 4041 terciam
519 3979 698 4061 proximam
722 3993 848 4061 recepta
872 3979 912 4041 ad
936 3999 1059 4063 pacem.

332 4086 409 4147 Item
435 4085 554 4146 Paulus
577 4083 716 4146 carnifex
741 4086 846 4167 prImo
870 4084 991 4167 judicio
1014 4105 1072 4169 per
1097 4086 1277 4166 Miclinum,
1301 4086 1435 4149 luanum
1459 4100 1490 4150 et

231 4190 447 4272 Dragozlaum
480 4191 626 4253 atestabit
658 4211 753 4273 super
784 4211 834 4270 eo,
865 4192 953 4272 quod
985 4193 1089 4275 ipsum
1121 4192 1301 4274 Stephanus
1324 4191 1490 4255 famIIIaris

228 4296 467 4358 tricesimatoris
491 4296 522 4357 in
546 4296 625 4358 facie
650 4317 723 4358 cum
746 4297 865 4359 cutello
889 4297 1016 4360 fixisset.

332 4403 410 4464 Item
434 4403 584 4484 magister
608 4403 767 4465 Janchech
794 4402 954 4465 aurifaber
986 4418 1096 4466 contra
1127 4404 1295 4466 Elizabeth
1319 4405 1487 4467 mullerem

227 4507 306 4569 feria
329 4509 424 4570 tercia
450 4528 535 4570 nunc
559 4522 692 4572 ventura
716 4509 932 4592 respondebit.

334 4613 412 4675 Item
436 4614 572 4677 Mathias
595 4612 680 4676 filius
703 4617 841 4698 orosnylr
873 4628 983 4676 contra
1006 4613 1165 4677 Janchech
1198 4615 1395 4678 aurifabrum
1418 4636 1489 4699 pre-

227 4719 313 4780 dicta
337 4715 413 4780 feria
437 4720 533 4782 tercia
559 4719 775 4802 respondebit.

751 4855 964 4877 —eu-o-n—
