3472 5234
652 326 737 384 Anno
760 322 849 403 1376.
878 360 918 370 -
942 341 994 387 20.
1018 329 1099 389 mair‘.
1472 351 1511 413 45

358 533 436 596 Item
462 533 615 617 Gyurgek
639 549 749 598 contra
774 536 972 619 Stephanum
1000 535 1103 598 filium
1127 539 1247 600 Rodini
1271 541 1376 622 primo
1400 542 1514 605 citatus

251 658 317 700 non
343 639 532 722 comparuit.

355 744 434 807 Item
458 765 552 808 causa
584 746 718 809 Janslini
751 760 782 809 et
810 747 936 809 Nicolai
965 747 1022 809 filii
1054 747 1179 811 Crisani
1204 765 1250 812 est
1274 752 1314 813 ad
1338 768 1411 816 octo
1444 755 1512 816 dies

248 865 418 933 prorogata
443 852 483 914 ad
507 872 631 935 pacem.

352 976 431 1038 Item
455 997 549 1039 causa
573 977 672 1039 Marci
696 990 727 1039 et
751 976 886 1039 Janslini
911 978 1061 1041 aurifabri
1087 992 1134 1042 est
1161 994 1233 1063 post
1257 982 1430 1044 adventum
1464 983 1511 1063 ju-

249 1079 327 1142 dIcis
350 1081 391 1142 de
415 1082 501 1144 curia
527 1082 613 1163 regia
637 1082 677 1143 ad
703 1082 844 1164 primum
868 1081 1024 1164 judicium
1048 1104 1105 1166 per
1127 1084 1250 1166 judices
1274 1102 1454 1170 prorogata.

353 1206 448 1284 Nota,
473 1206 561 1287 quod
587 1204 747 1286 Georgius
774 1216 877 1267 sartor
907 1226 1046 1268 unacum
1071 1227 1127 1269 sua
1159 1228 1256 1270 uxore
1282 1209 1430 1292 Dragaua
1454 1232 1510 1275 vo·

248 1323 315 1372 cata
339 1309 379 1372 de
411 1312 562 1373 omnibus
593 1310 694 1390 factis,
726 1312 879 1392 negociis,
914 1312 1040 1392 debitis,
1072 1314 1318 1397 quibuscunque
1350 1317 1511 1381 debitores

247 1413 381 1479 fuissent
412 1430 522 1479 contra
554 1418 741 1479 Norkonem
772 1429 803 1478 et
827 1416 1005 1499 Georgium
1036 1439 1130 1481 suurn
1154 1419 1269 1499 filium,
1301 1422 1334 1482 in
1358 1425 1510 1487 omnibus

249 1522 411 1604 premissis
442 1544 475 1585 se
507 1524 641 1586 omnino
682 1537 712 1586 et
743 1522 883 1585 totaliter
914 1524 1149 1587 concordarunt
1181 1526 1260 1588 alter
1283 1527 1373 1590 alteri
1405 1532 1509 1592 omni·

247 1629 378 1691 modam
402 1629 655 1692 satisfaccionem
680 1629 908 1712 inpendendo;
924 1630 1076 1712 predictis
1099 1632 1189 1693 Nork
1213 1646 1244 1694 et
1275 1632 1418 1716 Georgio
1449 1657 1508 1699 suo

246 1732 313 1796 filio
338 1749 528 1819 perpetuum
552 1737 721 1799 silencium
746 1737 938 1818 inponentes
954 1736 1063 1817 previa
1087 1737 1215 1799 racione
1240 1753 1349 1801 contra
1366 1741 1508 1805 eosdem.

350 1858 429 1921 Item
453 1880 547 1922 causa
571 1861 648 1922 Iuan
673 1858 811 1921 Plauech
836 1873 866 1921 et
885 1859 1045 1921 Janchech
1068 1859 1220 1922 aurifabri
1245 1875 1291 1924 est
1308 1882 1364 1945 per
1385 1863 1507 1945 judices

244 1977 317 2046 post
340 1964 514 2027 adventum
537 1966 651 2047 judicis
674 1965 714 2027 ad
738 1965 878 2048 primum
903 1964 1057 2047 judicium
1081 1980 1263 2048 prorogata.

349 2089 428 2152 Item
451 2089 596 2151 Andreas
620 2089 779 2151 aurifaber
803 2102 913 2151 contra
938 2088 1101 2151 Thomam
1118 2089 1314 2154 aurifabrum
1340 2094 1446 2176 primo
1463 2094 1505 2156 ci·

244 2207 327 2257 tatus
349 2214 416 2257 non
440 2196 629 2278 comparuit.

348 2320 426 2382 Item
451 2340 544 2382 causa
560 2321 669 2382 relicte
686 2319 825 2404 Frycher
846 2333 877 2382 et
894 2319 1017 2380 Nicolai
1042 2334 1088 2382 est
1104 2333 1177 2402 post
1192 2322 1367 2385 adventum
1390 2323 1505 2405 judicis

242 2425 282 2487 ad
305 2427 447 2508 primum
471 2427 627 2507 judicium
649 2446 706 2508 per
730 2425 850 2505 judices
872 2440 1054 2509 prorogata.

347 2550 425 2613 Item
451 2549 603 2632 Gyurgek
626 2549 756 2631 jobagio
781 2548 935 2611 Anthonii
962 2550 1072 2632 Renyz
1096 2565 1206 2613 contra
1230 2552 1365 2614 Iuanum
1389 2567 1503 2615 octavo

243 2654 294 2715 die
318 2655 536 2736 respondebit.

346 2761 424 2822 Item
455 2762 567 2823 Marko
599 2775 709 2824 contra
742 2761 879 2823 Paulum
918 2759 1114 2824 aurifabrum
1150 2764 1255 2845 primo
1287 2764 1400 2826 citatus
1435 2785 1501 2827 non

242 2869 431 2949 comparuit.

345 2972 424 3035 Item
449 2973 598 3057 Chupina
629 2988 738 3037 contra
770 2975 971 3038 Anthonium
996 2990 1027 3040 et
1051 2977 1221 3040 Crisanum
1254 2977 1359 3058 primo
1389 2976 1503 3039 citatus

241 3098 305 3141 non
330 3081 519 3162 comparuit.

345 3185 422 3248 Item
446 3186 629 3248 Anthonius
652 3199 762 3248 contra
779 3188 899 3249 Lucam
924 3187 1063 3267 juratum
1079 3200 1193 3250 octavo
1212 3186 1263 3248 die
1280 3187 1498 3269 respondebit.

344 3310 421 3373 Item
454 3311 599 3373 Thomas
629 3323 738 3373 contra
770 3310 946 3392 Georgium
980 3325 1122 3374 sutorem
1152 3312 1257 3394 primo
1290 3312 1402 3374 citatus
1427 3331 1495 3374 non

240 3417 427 3499 comparuit.

343 3522 422 3584 Item
447 3522 612 3583 Ladislaus
628 3522 711 3584 tular
736 3535 849 3584 octavo
867 3523 918 3585 die
935 3539 1044 3587 contra
1061 3523 1187 3607 Cu(r)sa
1204 3523 1496 3586 molendinatorem

238 3649 294 3711 per
317 3628 453 3691 Paulum
478 3643 509 3689 et
532 3626 689 3691 famulum
708 3628 844 3691 Mathias
860 3630 1007 3690 atestabit
1023 3649 1119 3712 super
1143 3649 1191 3708 eo,
1209 3629 1296 3710 quod
1321 3629 1386 3709 ipse
1404 3647 1496 3689 suum

237 3735 468 3798 mercenarium
494 3735 716 3797 verberaverit.

340 3858 418 3921 Item
444 3858 580 3941 Mykech
612 3871 713 3920 sartor
744 3872 854 3920 contra
882 3858 1018 3920 Paulum
1042 3859 1152 3941 Kypar
1184 3878 1217 3919 se
1239 3858 1355 3919 tercius
1379 3857 1498 3939 jurabit

236 3964 268 4026 in
292 3984 343 4045 eo,
367 3965 455 4047 quod
477 3985 533 4048 per
557 3967 662 4047 ipsum
686 3966 825 4046 quedam
850 3964 981 4026 vulnera
1007 3964 1066 4026 sibi
1090 3983 1155 4025 non
1180 3963 1313 4025 fuissent
1338 3963 1435 4025 illata.

342 4089 419 4151 Item
445 4088 607 4171 Malinych
632 4102 663 4151 et
687 4088 805 4171 Sybich
830 4103 940 4150 contra
961 4088 1116 4150 Jacobum
1133 4085 1304 4169 pellificem
1330 4087 1435 4169 primo
1452 4086 1496 4148 ci·

235 4195 290 4258 tati
314 4214 380 4257 non
405 4208 661 4277 comparuerunt.

340 4319 418 4382 Item
443 4318 589 4380 Thomas
613 4332 722 4381 contra
747 4317 890 4379 Blasium
914 4331 1027 4379 octavo
1060 4316 1111 4377 die
1135 4315 1252 4396 jurabit
1277 4315 1309 4375 in
1333 4335 1383 4394 eo,
1407 4315 1496 4396 quod

234 4423 338 4507 ipsum
363 4425 449 4487 idem
474 4425 598 4487 Blasius
621 4425 756 4507 turpiter
781 4423 993 4486 verberaverit
1016 4443 1048 4483 se
1072 4420 1242 4483 secundus.

337 4549 416 4611 Item
440 4549 564 4611 Marina
588 4549 704 4610 mulier
728 4549 848 4610 Iacobo
869 4547 998 4631 pellifici
1023 4548 1055 4608 in
1080 4546 1253 4628 quiadenis
1276 4544 1356 4605 duas
1373 4563 1495 4605 marcas

236 4653 439 4718 denariorum
463 4667 594 4738 propter
617 4655 755 4737 quedam
777 4655 934 4737 vituperia
959 4653 1100 4715 exsolvet
1123 4664 1154 4714 et
1177 4651 1275 4734 judici
1300 4649 1450 4712 mediam.
