3472 5234
244 301 310 362 260
631 302 718 358 Anno
741 295 834 376 1386.
861 333 901 342 —
926 314 976 377 14.
999 302 1125 374 augusti.

347 511 426 573 Item
451 509 597 592 Mathyas
627 509 750 590 juratus
780 523 894 577 octavo
927 510 978 571 die
1002 511 1102 572 tercio
1135 531 1168 573 se
1193 530 1353 593 supereo
1378 511 1506 591 jurabit,

243 619 330 699 quod
355 618 422 699 Ipse
447 616 576 696 triginta
608 615 715 676 minus
746 635 812 676 uno
836 615 959 677 floreno
991 616 1127 677 Nicolao
1159 616 1287 678 debitor
1311 636 1376 678 non
1401 617 1508 696 fuerit,

242 723 296 784 sed
321 724 381 805 ipsi
405 722 534 803 triginta
558 720 628 783 flor.
652 720 685 782 in
703 721 852 802 predictis
869 721 1080 802 quadraginta
1099 722 1203 782 tribus
1220 721 1351 783 florenis
1373 723 1436 785 sInt
1461 743 1508 784 ra·

243 830 371 891 cIonati.

348 935 425 996 Item
451 934 538 995 idem
562 932 709 1016 Mathyas
733 944 847 993 octavo
880 931 932 993 die
963 934 1051 994 solus
1075 954 1171 1017 super
1202 953 1241 995 eo
1266 934 1393 1014 jurabit,
1417 935 1506 1017 quod

242 1039 307 1100 duo
332 1041 430 1100 boves
453 1039 530 1101 dicti
556 1038 681 1101 Nicolai
706 1039 823 1099 mortui
850 1039 922 1102 sint.

347 1145 425 1206 Item
456 1144 563 1207 Mathe
590 1159 620 1207 et
643 1145 792 1206 Vrbanus
816 1157 929 1205 octavo
954 1144 1005 1205 die
1031 1145 1063 1205 in
1094 1145 1170 1207 sede
1194 1145 1360 1225 judiciaria
1386 1145 1507 1208 debent

242 1270 437 1332 comparere.

347 1357 424 1418 Item
451 1357 569 1418 Paulus
593 1355 730 1417 condam
754 1375 850 1438 preco
873 1355 1036 1436 quandam
1054 1357 1224 1417 mulierem
1249 1357 1281 1418 in
1306 1357 1426 1436 judicio
1444 1373 1505 1421 sta·

240 1477 329 1524 tuere
354 1463 475 1524 debens
499 1482 565 1524 non
589 1462 707 1523 statuit.

240 1679 337 1754 Ieria
364 1685 473 1754 tercia
500 1683 655 1770 proxima
682 1688 760 1753 ante
787 1681 912 1752 festum
940 1678 1193 1769 AssumpcionIs
1224 1682 1321 1752 beate
1349 1684 1506 1771 virginis.

754 1829 820 1911 (14.
849 1831 992 1911 auguste).

344 1974 422 2035 Item
447 1970 630 2033 Anthonius
656 1944 830 2053 Petrenych
855 1984 963 2033 contra
989 1971 1138 2053 Chupina
1163 1972 1268 2053 primo
1300 1973 1412 2033 citatus
1436 1992 1502 2034 non

240 2078 431 2162 comparuit.

345 2185 421 2246 Item
447 2184 555 2245 Bartol
579 2182 761 2245 Maschicha
785 2196 895 2244 contra
920 2181 1048 2244 Gerdak
1072 2183 1177 2263 prImo
1201 2183 1313 2244 citatus
1330 2203 1395 2245 non
1415 2203 1502 2245 com·

239 2292 354 2374 paruit.

344 2397 423 2459 Item
448 2398 550 2479 Kyrin
574 2411 684 2458 contra
708 2395 889 2457 Iohannem
912 2394 1073 2455 literatum
1104 2393 1247 2454 secundo
1282 2395 1397 2456 citatus
1437 2414 1504 2456 non

239 2503 431 2585 comparuit.

342 2610 421 2671 Item
436 2607 616 2670 Mosnarich
631 2621 741 2669 contra
755 2606 963 2668 Dominicum
989 2607 1094 2687 prImo
1108 2605 1220 2666 citatus
1233 2624 1297 2665 non
1312 2607 1503 2687 comparuit.

343 2715 421 2777 Item
455 2714 601 2796 Mathyas
632 2728 732 2774 sartor
769 2725 878 2773 contra
912 2711 1074 2794 Glesnyak
1109 2710 1251 2772 secundo
1287 2711 1404 2773 citatus
1437 2731 1503 2773 non

237 2822 428 2903 comparuit.

343 2926 421 2988 Item
456 2926 638 2986 Hermanus
669 2923 757 2984 faber
789 2938 898 2984 contra
930 2922 1122 3003 Gregorium
1156 2924 1264 3004 prImo
1293 2923 1406 2984 citatus
1437 2944 1503 2986 non

238 3047 428 3114 comparuit.

344 3138 420 3199 Item
447 3134 628 3216 Stephanus
650 3134 791 3194 salivena
817 3146 926 3193 contra
951 3135 1144 3213 Agustinum
1173 3135 1372 3196 sacerdotem
1397 3137 1504 3217 primo

237 3244 351 3304 citatus
375 3262 440 3303 non
465 3241 654 3322 comparuit.

343 3348 420 3408 Item
437 3367 531 3407 causa
550 3345 676 3405 Andree
694 3358 804 3406 contra
826 3344 961 3405 Selezko
986 3345 1025 3405 ad
1050 3360 1199 3408 octavum
1224 3347 1310 3408 diem
1328 3348 1367 3410 ad
1385 3368 1501 3430 pacem

237 3467 282 3515 est
306 3466 442 3533 recepta.

341 3557 419 3619 Item
445 3555 584 3617 GoIozlo
609 3570 717 3617 contra
743 3558 897 3620 Iacobum
921 3575 1034 3620 octavo
1059 3560 1110 3619 die
1135 3560 1352 3641 respondebit.

342 3663 419 3725 Item
445 3661 551 3722 Mathe
576 3663 716 3724 salivena
747 3679 855 3725 contra
886 3663 989 3726 filium
1014 3665 1130 3746 Angeli
1157 3666 1267 3746 primo
1292 3667 1405 3727 citatus
1435 3686 1502 3727 non

236 3768 424 3850 comparuit.

340 3873 418 3935 Item
447 3872 539 3933 Duch
564 3887 595 3934 et
619 3873 771 3957 Gyurgya
796 3876 905 3937 relicta
938 3875 1068 3957 Georgii
1101 3890 1213 3938 contra
1241 3877 1427 3959 Philippum
1452 3898 1500 3938 se-

235 3978 341 4039 cundo
366 3979 450 4040 citati
476 3998 541 4039 non
566 3996 823 4061 comparuerunt.

341 4085 418 4145 Item
435 4084 521 4145 Iwan
539 4087 754 4167 carpentarius
778 4100 887 4148 contra
906 4088 1059 4148 Mathiam
1077 4102 1190 4149 octavo
1208 4089 1260 4149 die
1277 4089 1498 4169 respondebit.

339 4189 417 4251 Item
441 4210 534 4252 causa
560 4190 678 4252 Mathie
696 4206 805 4253 contra
831 4193 965 4254 SeIezko
983 4192 1022 4253 ad
1040 4207 1189 4254 octavum
1214 4194 1300 4255 diem
1329 4194 1369 4255 ad
1388 4214 1501 4276 pacem

235 4306 281 4352 est
305 4309 439 4377 recepta.

339 4398 417 4461 Item
441 4422 534 4463 causa
559 4403 695 4464 EmerIci
720 4418 829 4464 contra
852 4404 966 4485 Jaklyn
992 4404 1031 4465 ad
1051 4418 1201 4466 octavum
1228 4404 1314 4465 diem
1332 4405 1372 4466 ad
1387 4425 1501 4487 pacem

234 4515 281 4562 est
305 4520 440 4587 recepta.

340 4609 417 4672 Item
443 4612 635 4674 Benedictus
658 4612 797 4675 decanus
830 4633 887 4696 per
911 4613 1088 4696 Georgium
1121 4617 1351 4699 calcariparum
1377 4631 1407 4679 et
1432 4617 1501 4679 Do·

233 4712 388 4776 minicum
413 4731 529 4779 octavo
553 4717 605 4780 dte
630 4718 690 4780 hoc
706 4719 864 4797 atestabit,
888 4721 977 4801 quod
1002 4723 1106 4803 Ipsum
1126 4722 1254 4804 Symon
1278 4723 1501 4805 vituperasset.
