3472 5234
496 1203 643 1302 (Anno
672 1201 855 1294 Domini
883 1199 1179 1300 MCCCLXXVl.

680 1385 796 1461 (Mense
809 1386 989 1461 februario).

288 1516 377 1635 sitem
401 1542 600 1625 Dragozlaus
623 1541 774 1622 Bedicha‚
798 1542 876 1604 luan
900 1544 981 1623 Noz‚
1002 1557 1112 1607 contra
1137 1543 1330 1627 Gregorium
1354 1564 1464 1607 voscar

291 1617 303 1671 l
335 1661 449 1710 octavo
473 1647 525 1710 die
550 1648 801 1732 respondebunt.

233 1752 249 1797 ⁰
313 1757 391 1818 Item
409 1755 541 1818 domina
564 1754 738 1818 Katherina
756 1755 865 1818 relicta
882 1756 1008 1818 Nicolai
1024 1755 1177 1819 aurifabri
1201 1769 1311 1819 contra
1335 1757 1469 1819 luanum

212 1860 315 1924 filium
338 1861 464 1924 Nicolai
487 1863 593 1945 primo
617 1863 713 1924 citato
735 1881 801 1924 non
826 1863 1016 1945 comparuit.

317 1967 395 2030 ltem
421 1967 576 2029 Salomon
601 1980 711 2030 contra
734 1967 875 2030 Brumen
900 1981 1014 2030 octavo
1038 1966 1091 2030 die
1115 1967 1332 2050 respondebit.

317 2075 395 2136 ltem
419 2074 516 2135 luana
541 2087 651 2136 contra
675 2073 810 2135 luanum
835 2073 1023 2136 Kouachich
1047 2087 1161 2138 octavo
1189 2073 1241 2136 die
1258 2073 1476 2158 respondebit.

316 2181 395 2243 ltem
428 2179 587 2242 Janchech
619 2193 650 2242 et
681 2178 862 2263 Stephanus
893 2179 1052 2243 aurifaber
1083 2199 1212 2243 causam
1240 2180 1415 2264 Mychaelis
1447 2195 1478 2243 et

213 2287 322 2349 Jacobi
345 2284 492 2369 pellificis
516 2284 557 2347 ad
581 2298 654 2348 octo
679 2284 747 2347 dies
769 2284 810 2348 ad
833 2305 946 2369 pacem
969 2300 1168 2369 receperunt.

317 2392 396 2454 ltem
413 2392 578 2453 Emericus
600 2405 709 2453 contra
723 2391 903 2475 Georgium
920 2391 1101 2474 Mykouche
1119 2406 1150 2455 et
1166 2392 1360 2475 Dyonisium
1378 2393 1477 2454 Pazar

213 2511 325 2560 octavo
350 2497 401 2559 die
425 2497 642 2580 respondebit.

317 2603 394 2665 ltem
418 2603 571 2665 Nicolaus
595 2615 702 2664 contra
728 2600 976 2665 Chuethlronem
1001 2616 1114 2665 octavo
1138 2603 1190 2665 die
1214 2603 1433 2687 respondebit.

317 2709 395 2771 ltem
420 2728 514 2771 causa
538 2708 716 2772 Clementis
740 2721 772 2769 et
791 2707 865 2791 Vyd
892 2709 1022 2770 sartoris
1054 2722 1100 2771 est
1130 2728 1186 2791 per
1210 2709 1369 2771 lanchech
1394 2709 1477 2771 auri·

213 2813 339 2878 fabrum
362 2813 403 2876 ad
426 2828 499 2877 octo
524 2813 592 2877 dies
616 2828 741 2897 recepta
765 2813 806 2876 ad
830 2834 952 2897 pacem.

317 2921 395 2983 ltem
417 2920 598 3003 Stephanus
622 2919 707 2981 filius
723 2920 852 2982 Martini
875 2920 954 2983 feria
977 2935 1063 2982 sexta
1082 2921 1305 3004 comprobabit
1320 2940 1377 3004 per
1394 2921 1478 2983 Mar-

211 3024 376 3109 garetham
400 3025 544 3087 relictam
568 3025 635 3104 lulr,
660 3023 762 3087 Cursa
779 3026 1071 3090 molendinatorem
1088 3041 1119 3089 et
1135 3027 1243 3089 Mathe
1268 3026 1370 3089 filium
1387 3027 1477 3088 lurae

213 3132 302 3215 figuli
319 3151 480 3215 supereo,
497 3131 585 3213 quod
603 3132 670 3214 ipse
684 3151 757 3193 cum
771 3132 862 3194 Mark
879 3152 991 3215 pacem
1008 3131 1156 3195 fecissent
1174 3147 1205 3197 et
1221 3132 1478 3197 concordassent.

317 3237 395 3299 ltem
420 3250 534 3298 octavo
551 3236 603 3298 die
622 3236 814 3299 benedictus
838 3239 1031 3322 Mosnarych
1048 3260 1081 3301 se
1097 3239 1214 3301 tercius
1236 3238 1353 3320 jurabit
1369 3252 1479 3300 contra

214 3343 393 3406 iohannem
417 3341 557 3405 Chemer
581 3342 669 3423 quod
695 3344 799 3426 ipsum
824 3345 930 3406 verbis
953 3345 1100 3427 turpibus
1123 3364 1189 3406 non
1214 3343 1378 3406 affecisset.

319 3448 397 3510 ltem
422 3448 551 3510 Prizora
575 3461 685 3510 contra
710 3449 817 3511 Petres
840 3450 983 3511 secundo
1012 3450 1106 3512 citata
1130 3469 1196 3512 non
1221 3449 1411 3532 comparuit.

319 3554 398 3617 ltem
423 3553 531 3616 Mathe
564 3567 652 3615 sutor
684 3567 794 3616 contra
828 3555 1029 3638 Mychaelem
1062 3555 1201 3637 juratum
1235 3556 1479 3640 primo-citatus

214 3679 278 3722 non
304 3660 496 3743 comparuit.

318 3767 396 3829 ltem
421 3764 579 3849 Georgius
602 3779 712 3828 contra
737 3765 936 3849 Stephanum
959 3780 1073 3828 octavo
1097 3766 1149 3829 die
1173 3767 1390 3850 respondebit.

319 3872 397 3935 ltem
422 3872 544 3955 Symon
568 3869 656 3934 filius
680 3872 763 3954 Zyrlr
788 3884 898 3934 contra
920 3872 1085 3934 Andream
1109 3873 1251 3935 secundo
1276 3873 1389 3935 citatus
1413 3891 1477 3934 non

216 3979 404 4062 comparuit.

319 4085 397 4148 ltem
422 4085 574 4148 Clemens
598 4098 708 4147 contra
731 4085 866 4147 luanum
890 4085 1032 4147 secundo
1056 4086 1169 4146 citatus
1193 4103 1258 4146 non
1290 4084 1480 4166 comparuit.

319 4191 396 4254 ltem
422 4191 562 4272 quedam
578 4191 695 4252 mulier
718 4190 757 4252 de
781 4192 873 4253 Nova
890 4191 966 4253 villa
988 4205 1098 4253 contra
1122 4190 1334 4253 benedictum
1352 4191 1479 4251 Mosna-

217 4297 293 4379 rych
316 4298 413 4360 actrix
438 4298 575 4359 existens
598 4317 663 4358 non
688 4297 867 4380 comparuit
890 4318 948 4359 nec
972 4299 1068 4359 misit.

320 4404 398 4466 ltem
417 4403 563 4465 Thomas
575 4417 664 4466 sutor
677 4416 787 4465 contra
805 4402 914 4465 Sibich
927 4402 1068 4465 secundo
1083 4402 1195 4463 citatus
1209 4420 1275 4462 non
1289 4399 1479 4482 comparuit.

321 4505 1479 4588 ltemluanBrathenicontraNicolaumsecundocitatusnoncomparuit.

322 4613 399 4676 ltem
424 4614 569 4676 Thomas
594 4628 703 4676 contra
728 4615 865 4676 Paulum
889 4629 1002 4676 octavo
1027 4613 1079 4675 die
1103 4612 1321 4696 respondebit.

322 4718 401 4782 ltem
425 4720 604 4783 Peterlinus
625 4733 737 4782 contra
759 4724 887 4782 Annam
904 4719 1045 4782 secundo
1070 4720 1183 4781 citatus
1205 4737 1270 4780 non
1287 4717 1478 4799 comparuit.

1359 4825 1371 4868 r
