3474 5234
683 356 768 413 Anno
791 352 882 432 1383.
910 388 948 399 -
973 369 1003 416 2.
1020 353 1113 433 senii.

386 567 462 628 Item
498 566 629 627 domina
661 567 783 627 Mirena
816 581 925 627 contra
961 567 1094 628 Paulum
1128 568 1288 629 literatum
1313 569 1419 649 primo
1450 570 1543 630 citata

279 694 344 735 non
369 674 559 755 comparuit.

390 779 466 840 Item
493 779 653 859 Georgius
672 780 777 857 Loter,
802 778 968 859 Philippus
985 779 1118 839 maritus
1135 780 1307 840 Ztreherne
1333 793 1363 840 et
1381 781 1543 841 Iohannes

280 883 364 945 iilius
390 886 466 946 Iane
492 899 602 946 contra
627 885 830 946 Clementem
865 883 1044 944 carnificem
1074 885 1178 966 primo
1211 886 1296 946 citati
1322 907 1386 946 uon
1413 907 1542 968 compa·

280 1006 422 1054 ruerunt.

387 1099 464 1161 Item
491 1118 583 1159 causa
608 1098 739 1159 domine
765 1098 873 1159 relicte
899 1098 1022 1158 Nicolai
1048 1097 1107 1159 rufi
1132 1113 1241 1159 contra
1266 1113 1447 1159 consortem
1474 1099 1545 1160 Cri·

281 1205 366 1265 stIini
392 1205 431 1265 ad
457 1204 568 1266 leriam
594 1216 714 1266 sextam
740 1218 785 1264 est
808 1217 989 1284 prorogata.

387 1312 466 1374 Item
500 1331 593 1372 causa
627 1309 779 1390 Stephani
815 1324 924 1370 contra
956 1310 1123 1371 Vrbanum
1148 1310 1186 1371 ad
1221 1325 1370 1371 octavum
1395 1311 1481 1372 diem
1505 1311 1545 1372 ad

280 1438 392 1498 pacem
418 1431 465 1479 est
488 1431 624 1498 recepta.

389 1524 464 1585 Item
491 1525 603 1585 Petrus
634 1536 722 1584 sutor
754 1537 863 1583 contra
896 1522 1075 1583 Fabianum
1108 1524 1268 1584 literatum
1292 1525 1396 1605 primo
1430 1524 1544 1584 citatus

281 1649 346 1691 non
379 1630 570 1710 comparuit.

389 1736 467 1796 Item
493 1736 686 1797 Benedictus
719 1723 832 1797 octavo
864 1735 915 1796 die
945 1755 1001 1816 per
1025 1750 1206 1796 consortem
1242 1737 1356 1796 Marias
1381 1750 1410 1796 et
1437 1734 1544 1796 Mathe

282 1841 342 1902 hoc
368 1843 525 1920 atestabit,
551 1843 638 1923 quod
670 1843 729 1903 sibi
756 1841 864 1903 Mathe
888 1856 989 1902 sartor
1020 1842 1183 1921 quendam
1207 1844 1328 1924 palium
1362 1842 1541 1923 perluserit.

390 1949 466 2010 Item
492 1947 623 2009 Barthol
648 1961 755 2008 contra
782 1947 922 2008 Jaketich
952 1948 1057 2029 primo
1083 1948 1195 2009 citatus
1219 1968 1283 2010 non
1309 1947 1497 2029 comparuit.

387 2053 465 2115 Item
498 2053 656 2134 Georgius
689 2054 784 2115 Loter
815 2068 924 2115 contra
956 2052 1136 2115 Iohannem
1160 2055 1258 2116 Vasas
1290 2055 1394 2137 prImo
1426 2053 1539 2114 citatus

284 2179 348 2220 non
373 2160 561 2242 comparuit.

388 2266 467 2328 Item
499 2266 640 2328 Briccius
667 2266 796 2348 sellipar
829 2280 937 2327 contra
964 2267 1168 2348 Dragonyam
1201 2267 1306 2348 primo
1340 2267 1452 2328 citatus
1481 2285 1546 2327 non

283 2374 471 2455 comparuit.

389 2480 467 2540 Item
498 2480 651 2541 Nicolaus
683 2480 785 2541 dictus
811 2479 953 2563 Rossych
978 2493 1091 2541 octavo
1116 2479 1167 2540 die
1199 2479 1297 2540 tercio
1328 2500 1360 2539 se
1385 2497 1479 2560 super
1504 2498 1543 2539 eo

283 2587 409 2667 jurabit,
434 2587 521 2667 quod
547 2587 614 2667 ipse
640 2585 848 2646 Lourandum
873 2605 937 2646 non
966 2588 1170 2648 verberasset.

388 2692 466 2753 Item
492 2692 651 2772 Georgius
673 2693 767 2752 Loter
791 2705 903 2753 octavo
929 2690 981 2752 die
997 2711 1091 2773 super
1115 2711 1154 2752 eo
1178 2692 1305 2772 jurabit,
1330 2690 1418 2772 quod
1436 2691 1541 2773 ipsum

284 2801 445 2862 Iohannes
469 2798 553 2860 filius
578 2799 695 2860 Donati
710 2798 928 2889 'vulnerasset

434 3017 531 3090 Ietta
560 3022 666 3090 tercia
694 3021 848 3107 proxima
877 3025 954 3088 ante
981 3018 1105 3089 festum
1132 3019 1221 3088 beati
1251 3016 1394 3087 Erasini.

826 3170 870 3249 (2.
887 3167 996 3249 junia).

391 3309 469 3370 Item
502 3330 595 3371 causa
621 3311 798 3372 Clementis
830 3309 985 3371 carnificis
1009 3323 1117 3370 contra
1151 3309 1246 3370 Loter
1271 3308 1459 3391 Georgium,
1493 3312 1546 3373 Jo-

286 3415 426 3476 hannem
450 3414 586 3496 figulum
611 3430 642 3477 et
666 3417 827 3497 Philipum
854 3415 989 3497 figulum
1020 3416 1060 3476 ad
1084 3428 1232 3476 octavum
1258 3415 1343 3477 diem
1369 3418 1408 3478 ad
1434 3437 1545 3498 pacem

288 3536 333 3583 est
357 3535 493 3602 recepta.

393 3626 470 3687 Item
496 3647 589 3687 causa
622 3628 707 3688 Iwan
740 3643 847 3690 contra
880 3627 1059 3689 Iohannem
1093 3629 1253 3689 literatum
1284 3629 1364 3712 (per)
1388 3643 1483 3693 testes
1507 3632 1547 3692 ad

287 3747 435 3793 octavum
461 3732 548 3794 diem
572 3734 611 3793 ad
637 3754 749 3814 pacem
773 3748 819 3794 est
842 3748 1023 3816 prorogata.

394 3839 471 3901 Item
497 3839 564 3900 Iuri
589 3840 729 3900 salivena
763 3854 870 3901 contra
896 3840 1065 3902 Nicolaum
1098 3856 1238 3903 sutorem
1264 3843 1404 3904 secundo
1436 3844 1549 3906 citatus

288 3966 352 4007 non
378 3946 566 4027 comparuit.

398 4053 474 4113 Item
499 4051 661 4113 lohannes
686 4050 780 4113 frater
798 4053 910 4114 Kauke
934 4067 1042 4114 contra
1061 4053 1271 4115 Benedictum
1296 4068 1409 4115 octavo
1434 4055 1485 4116 die
1502 4075 1549 4116 re·

288 4159 469 4241 spondebit.

395 4266 473 4327 Item
496 4286 590 4327 causa
616 4267 704 4327 Pauli
738 4279 847 4328 contra
873 4266 989 4328 Mahen
1015 4268 1054 4328 ad
1089 4280 1238 4329 octavum
1263 4268 1348 4330 diem
1373 4268 1412 4329 ad
1438 4289 1549 4351 pacem

290 4385 335 4432 est
359 4385 495 4454 recepta.

396 4477 473 4540 Item
498 4497 590 4539 causa
616 4477 824 4560 Dragchycha
854 4493 963 4540 contra
988 4477 1095 4540 Mathe
1127 4479 1303 4542 salivenam
1336 4481 1375 4542 ad
1400 4493 1549 4541 octavum

291 4583 377 4644 diem
402 4583 441 4644 ad
466 4604 576 4665 pacem
602 4598 648 4647 est
678 4598 813 4666 recepta.

397 4690 474 4751 Item
499 4690 583 4752 Iwan
609 4691 825 4774 carpentarius
849 4704 957 4752 contra
983 4692 1146 4754 Thomam
1171 4693 1312 4754 secundo
1341 4693 1453 4754 citatus
1485 4713 1550 4754 non

293 4797 481 4878 comparuit.
