3472 5234
670 356 755 412 Anno
778 349 869 430 1383.
895 386 935 395 -
960 348 1010 412 [ό.
1026 353 1120 427 junii.
1465 366 1526 428 203

268 463 431 471 —--——
438 458 1252 469 —————-.-———-—-——-—-—-—

370 567 447 627 item
482 566 616 647 Egidius
649 564 865 646 carpentarius
896 576 1006 624 contra
1037 561 1244 624 Valentinum
1280 560 1383 623 filiurn
1420 559 1527 620 Maleo

266 674 370 756 primo
395 672 508 733 citatus
533 690 597 732 non
622 669 811 752 comparuit.

371 797 449 857 item
483 795 601 856 Paulus
637 795 779 855 literatus
818 807 927 854 contra
967 792 1109 855 Jaketich
1140 792 1281 854 secundo
1314 791 1427 852 citatus
1462 809 1526 850 non

267 916 456 985 comparuit.

372 1009 450 1071 item
475 1027 568 1069 causa
594 1005 763 1069 Gerardini
796 1019 904 1067 contra
938 1006 1105 1067 Simonem
1129 1005 1169 1065 ad
1201 1017 1351 1065 octavum
1376 1003 1461 1064 diem
1487 1002 1527 1062 ad

266 1135 377 1199 pacem
403 1129 449 1176 est
473 1127 609 1196 recepta.

372 1220 450 1282 ltem
479 1221 588 1281 Maren
615 1232 723 1280 contra
752 1218 886 1280 Paulum
903 1237 1076 1300 preconem
1097 1218 1202 1300 primo
1227 1218 1341 1280 citatus
1357 1235 1422 1277 non
1442 1234 1528 1277 com-

270 1328 383 1410 paruit.

373 1434 451 1495 ltem
476 1433 588 1494 Simon
614 1448 723 1494 contra
748 1432 883 1493 Paulum
905 1431 1060 1513 pictorem
1084 1431 1189 1513 primo
1214 1431 1327 1493 citatus
1348 1449 1413 1491 non
1438 1449 1525 1491 com·

266 1541 380 1623 paruit.

372 1648 449 1710 item
483 1647 647 1708 Emericus
679 1645 851 1726 quemdam
883 1664 976 1706 suum
1009 1643 1244 1726 expeditorem,
1276 1656 1434 1724 quatenus
1465 1642 1525 1702 sibi

268 1753 433 1834 quoddam
459 1753 625 1814 lintiamen
651 1751 785 1830 dederit,
814 1765 923 1812 contra
947 1753 1013 1812 Kus
1037 1764 1150 1812 octavo
1183 1750 1233 1810 die
1258 1763 1395 1811 statuere
1420 1749 1525 1811 debet.

372 1877 450 1939 item
476 1876 635 1956 Georgius
667 1888 775 1937 contra
800 1880 927 1935 Annam
952 1874 1122 1936 mulierem
1153 1873 1296 1936 secundo
1319 1873 1433 1934 citatus
1458 1891 1522 1934 non

266 1984 456 2065 comparuit.

372 2089 450 2152 Item
472 2108 566 2149 causa
591 2088 735 2149 mulieris
760 2087 884 2170 Gracye
916 2100 1026 2149 contra
1050 2086 1193 2149 Blasium
1219 2085 1345 2148 fabrum
1377 2086 1418 2148 ad
1441 2098 1527 2147 octa-

266 2214 343 2256 vum
368 2195 454 2256 diem
478 2194 518 2255 ad
543 2213 653 2276 pacem
678 2208 724 2256 est
748 2208 885 2277 recepta.

371 2318 449 2380 Item
482 2318 675 2380 Benedictus
710 2318 890 2381 Mosnarich
927 2332 1036 2380 contra
1068 2318 1233 2380 Vrbanum
1270 2318 1375 2400 primo
1415 2318 1528 2380 citatus

267 2445 332 2486 non
357 2426 546 2507 comparuit.

371 2532 450 2592 ltem
474 2531 639 2593 Dionisius
662 2531 746 2592 filius
772 2531 911 2593 Lorandi
936 2531 1026 2614 (h)eri
1052 2532 1084 2592 in
1109 2529 1178 2593 foro
1203 2551 1298 2613 super
1324 2528 1406 2591 facto
1431 2530 1526 2591 inter·

266 2638 459 2720 rempcionis
482 2639 579 2699 Jakus
602 2638 790 2720 carpentarii
816 2639 1030 2720 proclamatus
1046 2657 1112 2699 non
1135 2638 1223 2699 venit
1247 2637 1389 2698 secundo
1414 2649 1525 2697 contra

266 2743 409 2806 relictam
435 2744 578 2805 eiusdem
604 2744 701 2805 Jakus
724 2757 754 2805 et
778 2744 864 2805 lwan
889 2742 1017 2806 fratrem
1041 2763 1145 2807 suum.

373 2850 450 2911 Item
477 2850 676 2931 Margaretha
702 2850 817 2911 mulier
840 2865 954 2911 octavo
980 2851 1031 2911 die
1055 2863 1141 2911 sexta
1165 2869 1197 2910 se
1223 2849 1407 2910 concivissis
1431 2867 1526 2930 super

267 2976 306 3017 eo
331 2957 457 3039 iurabit,
483 2957 570 3037 quod
596 2957 662 3038 ipsa
688 2957 819 3017 domum
840 2956 993 3017 iohannis
1019 2957 1116 3017 Pazar
1140 2956 1310 3017 incendere
1333 2954 1482 3016 noluerit.

374 3081 449 3142 ltem
476 3081 628 3142 Clemens
652 3079 791 3141 carnifex
809 3080 950 3141 secundo
974 3101 1006 3141 se
1034 3094 1149 3142 octavo
1166 3080 1217 3141 die
1234 3099 1328 3161 super
1345 3098 1383 3139 eo
1401 3077 1528 3159 jurabit,

266 3187 353 3269 quod
379 3188 484 3268 ipsum
509 3187 670 3248 Johannes
701 3185 817 3267 figulus
850 3187 1014 3267 usquead
1046 3186 1235 3248 effusionem
1267 3185 1433 3267 sanguinis
1457 3204 1527 3266 per-

269 3294 410 3356 eusserit.

371 3399 448 3461 item
472 3398 558 3460 idern
583 3399 901 3461 Clemens·secundo
929 3419 963 3460 se
994 3411 1109 3461 octavo
1141 3399 1192 3461 die
1217 3419 1311 3482 super
1335 3420 1374 3462 eo
1398 3399 1526 3482 jurabit,

266 3504 354 3587 quod
380 3506 484 3588 ipsum
510 3505 669 3587 Georgius
694 3507 789 3568 Loter
813 3526 914 3587 usquc
939 3506 979 3566 ad
1004 3505 1193 3567 effusionem
1218 3507 1416 3589 percusserit.

371 3629 448 3691 item
475 3629 635 3710 Georgius
659 3628 829 3691 Ztardbich
854 3630 952 3692 tercio
969 3649 1001 3691 se
1026 3644 1140 3692 octavo
1157 3631 1208 3692 die
1230 3651 1325 3713 super
1342 3650 1381 3692 eo
1397 3629 1525 3713 jurabit,

266 3735 353 3816 quod
378 3736 444 3817 ipse
469 3737 501 3797 in
527 3736 716 3818 recepcione
741 3735 907 3798 cuiusdam
931 3736 1025 3797 hostii
1050 3737 1206 3799 innocens
1229 3738 1278 3800 sit.

372 3860 452 3922 Item
481 3860 661 3943 Stephanus
694 3860 778 3922 filius
811 3860 937 3922 Mikech
969 3874 1083 3923 octavo
1108 3861 1159 3924 die
1190 3864 1289 3924 tercio
1313 3883 1346 3925 se
1370 3883 1464 3945 super
1489 3883 1528 3925 eo

264 3964 391 4047 jurabit,
417 3968 505 4048 quod
529 3967 595 4049 ipse
614 3968 742 4050 Reyner
766 3987 823 4050 pro
848 3967 962 4049 viginti
980 3981 1010 4028 et
1034 3981 1156 4050 septem
1180 3968 1249 4032 flor.
1274 3968 1344 4032 auri
1359 3968 1527 4031 fideiussor

266 4091 330 4133 non
356 4070 459 4136 fuerit.

372 4180 449 4242 Item
475 4179 630 4241 Martinus
662 4179 747 4241 filius
780 4179 940 4241 Janchech
971 4180 1161 4262 premissum
1193 4200 1287 4242 suum
1311 4181 1524 4263 juramentum

266 4285 443 4347 secundum
468 4285 586 4347 dictam
622 4299 763 4348 nostram
794 4286 992 4367 judiciariam
1027 4287 1286 4349 commissionem
1321 4288 1469 4369 deposuit
1494 4302 1528 4349 ut

267 4389 414 4453 debebat.

372 4496 449 4557 Item
473 4497 561 4578 quod
586 4498 660 4578 quia
686 4498 802 4559 mulier
825 4502 939 4580 Agnya
956 4499 1166 4581 prescriptum
1191 4519 1285 4561 suum
1309 4498 1524 4580 juramentum

267 4621 331 4662 non
368 4601 527 4684 deposuit,
563 4603 637 4664 ideo
673 4603 841 4686 culpabilis
876 4605 908 4665 in
940 4603 1023 4666 facto
1052 4605 1226 4687 prescripto
1258 4618 1304 4667 est
1334 4620 1469 4687 reperta,
1494 4618 1525 4667 et

265 4708 535 4789 quandocumque
554 4709 585 4770 in
610 4711 728 4771 tenutis
745 4710 880 4772 civitatis
903 4711 1033 4793 reperiri
1055 4711 1181 4793 poterit,
1198 4724 1274 4773 tunc
1299 4712 1337 4773 de
1362 4712 1429 4794 ipsa
1455 4712 1523 4773 vin·

266 4812 349 4874 dicta
374 4828 583 4897 sumpmatur.
