3472 5234
250 356 268 416 8
436 403 437 406 ,
650 357 736 415 Ann'o
759 366 847 433 1375.
872 390 912 401 -
936 353 967 416 6.
991 358 1100 417 martii.

248 568 374 631 Nicolai
406 566 557 630 aurifabri
594 566 815 629 testimonium
847 566 1005 649 producet
1039 567 1127 649 quod
1159 567 1219 629 sibi
1252 586 1352 629 unum
1388 567 1509 629 monile

249 674 495 757 inpignoraaset.

354 780 433 842 Item
464 799 558 841 causa
589 779 700 841 Hrenk
725 792 756 840 et
787 778 913 841 Ferlich
937 792 985 841 est
1015 777 1056 840 ad
1080 791 1154 840 octo
1186 779 1254 839 dies
1276 791 1446 860 prorogata
1471 776 1512 839 ad

249 885 492 948 discussionem.
979 894 981 898 ’

354 992 433 1054 Item
449 991 593 1053 Francha
611 989 771 1053 aurifaber
787 1003 901 1052 octavo
926 991 978 1052 die
995 991 1063 1071 jura
1079 990 1235 1074 producet
1251 1009 1314 1071 qua
1338 989 1455 1072 poterit
1472 988 1512 1051 de

248 1112 330 1160 terra
354 1111 385 1159 et
408 1097 500 1158 vinea
524 1115 581 1179 per
606 1098 734 1158 Markus
757 1096 937 1178 Zequirych
969 1096 1073 1178 legata
1104 1094 1254 1158 fratribus
1277 1095 1457 1156 minoribus
1480 1107 1512 1165 et

249 1201 426 1281 monachis,
450 1214 531 1263 esset
553 1201 732 1284 patrissui.

355 1307 432 1368 Item
457 1326 550 1368 causa
575 1305 729 1390 Gyurgek
756 1306 849 1388 jurati
882 1320 913 1368 et
937 1306 1073 1389 Mykech
1098 1306 1263 1368 familiaris
1287 1307 1428 1389 magistri
1454 1307 1513 1369 Be·

249 1413 328 1474 tend
354 1426 400 1474 est
422 1432 478 1494 per
502 1412 680 1474 Francbam
704 1411 901 1474 aurifabrum
925 1412 965 1473 ad
988 1426 1061 1474 octo
1084 1412 1152 1474 dfes
1175 1425 1301 1495 recepta
1325 1413 1365 1474 ad
1390 1431 1512 1495 pacem.

355 1519 435 1580 Item
459 1538 552 1580 causa
577 1519 706 1580 Martini
731 1532 762 1580 et
786 1517 919 1600 Georgii
943 1518 1071 1580 sartoris
1095 1532 1141 1580 est
1164 1539 1220 1600 per
1247 1520 1411 1581 Martonos
1428 1518 1513 1580 selli-

250 1624 377 1707 parium
401 1624 442 1685 ad
465 1638 540 1686 octo
565 1625 633 1686 dies
656 1637 782 1706 recepta
807 1623 847 1686 ad
871 1643 993 1706 pacem.

354 1729 433 1793 Item
458 1748 552 1791 causa
575 1728 746 1790 Zaualiche
771 1741 802 1789 et
826 1728 976 1790 PeterIIni
1000 1741 1046 1790 est
1062 1743 1232 1810 prorogata
1256 1729 1297 1790 ad
1321 1748 1432 1810 pacem
1456 1747 1513 1811 per

239 1837 431 1898 ‚Marenum

354 1941 432 2002 Item
448 1940 544 2003 Clara
568 1939 644 2002 feria
663 1953 749 2002 sexta
765 1939 986 2002 testImonium
1003 1939 1158 2022 producet
1174 1960 1230 2023 per
1247 1940 1517 2002 Bartholomeum·

250 2059 281 2108 et
298 2046 476 2124 Elizabeth,
500 2045 588 2127 quod
606 2045 751 2108 Thomas
767 2066 862 2128 super
879 2046 978 2127 ipsam
993 2047 1175 2128 potenciam
1200 2047 1359 2108 carnalem
1378 2046 1513 2108 fecisset.

356 2153 433 2214 Item
458 2151 574 2214 domus
597 2165 628 2212 et
652 2152 744 2212 vinea
769 2151 893 2213 condak
912 2150 1063 2234 Gyurgek
1088 2153 1187 2215 nostri
1205 2153 1345 2214 concivis
1370 2154 1403 2214 in
1422 2153 1515 2234 quin·

251 2256 342 2319 denis
366 2257 406 2318 ad
430 2257 509 2319 duas
525 2271 630 2339 partes
647 2257 804 2339 equaliter
820 2256 1015 2336 dividentur,
1031 2277 1167 2338 quarum
1193 2278 1256 2319 una
1273 2278 1346 2340 pars
1370 2259 1515 2320 Fabiano

250 2361 337 2425 fratri
362 2382 441 2442 suo,¹
456 2363 516 2424 alia
541 2376 647 2424 autern
672 2383 746 2446 pars
769 2362 834 2423 suis
857 2362 1030 2425 heredibus
1054 2363 1188 2425 ceddere
1213 2364 1353 2427 debebit.

355 2468 434 2530 Item
458 2488 552 2530 causa
577 2470 666 2531 Mark
684 2483 715 2531 et
731 2469 910 2530 Clementis
933 2484 980 2531 est
1003 2490 1059 2552 per
1075 2483 1170 2532 testes
1196 2470 1236 2532 ad
1260 2485 1333 2533 octo
1358 2471 1426 2533 dies
1442 2489 1516 2554 pro-

251 2589 361 2656 rogata
386 2574 427 2636 ad
452 2594 573 2656 pacem.

356 2680 434 2742 Item
458 2700 552 2742 causa
569 2680 744 2764 Mycbaelis
768 2680 849 2743 fabri
873 2695 904 2744 et
921 2680 1029 2744 Mathe
1053 2683 1169 2744 sutoris
1185 2696 1231 2744 est
1254 2702 1311 2765 per
1334 2683 1515 2745 Johannem

250 2788 352 2849 Vasos
375 2785 416 2848 ad
439 2801 513 2849 octo
537 2786 605 2848 dies
628 2801 755 2870 recepta
779 2787 819 2848 ad
843 2808 967 2871 pacem.

357 2892 435 2956 Item
459 2913 554 2975 causa
578 2893 697 2976 Sybich
721 2909 752 2956 et
769 2893 917 2957 Nicholai
942 2908 989 2956 est
1012 2915 1069 2977 per
1084 2894 1285 2958 Anthonium
1311 2909 1342 2957 et
1361 2894 1515 2957 Mathiam

250 3012 392 3060 sutorem
414 2999 455 3060 ad
479 3012 552 3061 octo
576 2998 645 3060 dies
668 3014 794 3083 recepta
818 3000 859 3062 ad
882 3021 1005 3083 pacem.

357 3105 435 3166 Item
449 3104 608 3186 Georgius
620 3105 740 3187 juratus
750 3120 858 3168 contra
867 3107 1090 3170 Sebastianum
1103 3122 1218 3170 octavo
1232 3107 1283 3168 die
1298 3106 1514 3189 respondebit.

356 3210 434 3272 Item
459 3210 535 3271 Iuan
559 3211 720 3292 Zyrothke
744 3225 853 3273 contra
886 3212 1109 3275 Sebestianum
1141 3212 1282 3275 secundo
1308 3213 1421 3275 citatus
1447 3233 1514 3275 non

252 3315 441 3396 comparuit.

358 3420 435 3482 Item
469 3421 624 3483 Martinus
655 3436 764 3484 contra
798 3421 974 3505 Georgium
1006 3438 1160 3486 sartorem
1185 3439 1216 3487 et
1249 3425 1384 3487 Iuanum
1409 3427 1514 3509 primo

252 3525 366 3587 citatus
389 3546 456 3588 non
484 3528 673 3609 comparuit.

357 3631 436 3694 Item
468 3652 561 3694 causa
593 3633 718 3696 Nicolai
750 3648 781 3696 et
818 3635 958 3718 baptiste
990 3650 1036 3696 est
1067 3635 1107 3697 ad
1139 3650 1212 3698 octo
1246 3636 1314 3699 dies
1346 3651 1515 3720 prorogata
1552 3630 1553 3633 '

252 3736 292 3799 ad
316 3756 439 3820 pacem.

357 3842 435 3905 Item
460 3844 622 3907 Iohannes
645 3858 755 3908 contra
779 3846 956 3930 Symonem
976 3847 1157 3910 carnificem
1181 3849 1287 3932 prImo
1311 3851 1424 3914 citatus
1447 3871 1513 3914 non

253 3949 441 4032 comparuit.

358 4055 437 4118 Item
461 4056 599 4118 Jacobus
630 4057 774 4120 medicus
803 4073 869 4121 met
899 4061 1015 4122 tercius
1044 4059 1260 4142 juramentum
1285 4062 1434 4145 deposuit
1467 4082 1515 4125 ra·

254 4162 353 4224 cione-
370 4161 419 4222 sui
444 4161 590 4224 clamidis
613 4164 770 4246 premissi,
794 4179 830 4227 ut
853 4165 973 4228 debuit.

358 4267 436 4328 Item
461 4287 554 4329 causa
578 4268 687 4331 Sibich
712 4285 743 4331 et
766 4270 895 4334 Thome
911 4273 1026 4334 sutoris
1050 4287 1097 4335 est
1120 4294 1176 4356 per
1203 4274 1331 4337 Petrum
1356 4275 1514 4339 decanum

253 4371 293 4434 ad
317 4385 390 4434 octo
414 4372 483 4434 dies
504 4386 630 4456 recepta
654 4374 694 4435 ad
717 4395 839 4457 pacem.

359 4477 439 4540 Item
473 4479 648 4562 Dyonisius
679 4479 768 4543 faber
799 4494 908 4545 contra
940 4484 1123 4547 Emericum
1162 4486 1268 4567 primo
1298 4487 1412 4550 citatus
1450 4507 1515 4550 non

253 4583 442 4666 comparuit.

360 4689 438 4752 Item
463 4710 557 4752 causa
581 4691 707 4754 Lucasii
731 4706 763 4755 et
786 4693 916 4756 Andree
948 4708 995 4757 est
1017 4715 1074 4779 per
1098 4695 1275 4780 Georqum
1306 4711 1461 4761 sartorem
1484 4712 1516 4763 et

255 4795 404 4856 Markum
426 4796 467 4858 ad
490 4809 564 4859 octo
588 4797 657 4859 dies
680 4811 806 4881 recepta
829 4797 870 4860 ad
893 4819 1017 4883 pacem.
