3472 5234
641 334 833 408 Ann01377.
858 365 895 374 -
923 346 972 407 23.
990 333 1082 407 junii.

341 542 417 604 Item
442 541 597 603 Nicolaus
622 541 705 603 lilius
730 543 885 603 Martinus
915 556 1023 603 contra
1055 541 1224 603 dominum
1250 541 1413 602 Donatum
1445 560 1497 602 oc-

238 662 312 710 tavo
337 648 388 709 die
413 668 508 730 super
531 647 688 709 dIvisione
713 649 960 730 possessionaria
982 649 1081 731 Ipsius
1105 648 1229 709 domini
1254 648 1372 709 Donati
1395 662 1425 709 et
1441 668 1497 709 sue

237 755 356 819 sororis
379 753 458 836 jura,
482 755 507 815 si
533 774 595 836 qua
620 754 777 833 habuerit,
802 755 978 836 producere
1003 755 1141 817 debebit.

338 860 417 922 Item
442 861 595 922 Nicolaus
619 875 728 922 contra
755 859 932 940 Georgium
962 880 1152 923 assessorem
1182 861 1286 942 primo
1303 861 1416 921 citatus
1432 879 1498 921 non

234 967 425 1049 comparuit.

341 1071 419 1132 Item
444 1071 638 1133 Benedictus
661 1070 801 1133 carnifex
826 1085 934 1133 contra
960 1072 1134 1134 Martinam
1163 1071 1332 1154 Zequirich
1356 1070 1498 1133 secundo

233 1176 347 1238 citatus
369 1196 435 1239 non
464 1177 652 1260 comparuit.

262 1412 360 1487 Faria
387 1431 486 1487 sexta
512 1418 667 1504 proxima
705 1422 780 1503 post
816 1415 939 1486 testum
967 1416 1142 1486 beatorum
1171 1415 1241 1487 Viti
1270 1423 1303 1487 et
1332 1416 1471 1487 Modesti

770 1541 961 1610 martirum.

775 1716 842 1789 (19.
859 1711 964 1786 junir).

342 1866 450 1928 Primo
474 1868 692 1949 possessiones
727 1868 869 1949 magistri
901 1868 1026 1929 Nicolai
1055 1866 1112 1928 filii
1144 1867 1317 1929 Alexandri
1349 1868 1409 1929 sibi
1441 1887 1498 1950 per

237 1972 610 2053 magistros'Nicolaum‚
636 1973 835 2056 Stephanum
867 1988 897 2034 et
926 1973 1062 2035 Mathias
1093 1993 1168 2034 suos
1191 1972 1275 2034 filios
1299 1973 1433 2035 donatas
1465 1986 1496 2035 et

235 2097 291 2140 sue
318 2078 446 2160 conjugi
472 2081 666 2162 conscriptas
682 2081 851 2142 statuimus
872 2079 1080 2161 possidendas
1098 2094 1128 2140 et
1143 2078 1298 2141 tenendas
1323 2080 1353 2140 in
1379 2080 1497 2161 quibus

239 2203 322 2245 nunc
347 2184 545 2265 dignoscitur
569 2186 711 2264 existere,
736 2187 810 2267 quia
835 2206 1000 2267 nunquam
1033 2186 1118 2246 idem
1143 2186 1293 2266 magister
1318 2185 1498 2267 Stephanus

234 2309 419 2372 comparere
443 2293 565 2353 curavit
589 2312 647 2354 nec
671 2313 727 2352 sua
751 2292 818 2371 jura
843 2291 1019 2373 producere
1054 2305 1162 2353 contra
1188 2292 1373 2372 magistrum
1400 2292 1496 2353 Nico-

236 2393 323 2456 laum
347 2396 537 2478 predictum.

337 2502 416 2563 Item
442 2501 601 2584 Georgius
634 2504 776 2565 literatus
808 2518 917 2565 contra
948 2518 1103 2566 textorem
1136 2504 1240 2585 prImo
1283 2504 1396 2565 citatus
1431 2522 1496 2564 non

234 2609 423 2690 comparuit.

337 2716 415 2777 Item
433 2715 548 2776 Paulas
571 2729 680 2776 contra
706 2716 882 2776 Iwaninum
907 2715 1048 2777 secundo
1077 2715 1191 2776 citatus
1215 2734 1279 2776 non
1305 2712 1496 2795 comparuit.

337 2821 416 2882 Item
441 2821 641 2903 Dragozlaus
665 2835 773 2883 contra
800 2821 975 2904 Symonem
1007 2821 1149 2882 secundo
1181 2821 1294 2882 citatus
1318 2839 1384 2880 non
1409 2838 1497 2879 com·

233 2927 347 3010 paruit.

337 3034 415 3095 Item
441 3033 567 3116 Cupich
591 3047 701 3095 contra
726 3033 887 3095 Vidonem
911 3047 1024 3094 octavo
1049 3032 1100 3093 die
1126 3032 1342 3114 respondebit.

335 3138 413 3201 Item
438 3159 531 3200 causa
564 3138 695 3220 Georgii
728 3138 845 3201 literati
870 3152 900 3200 et
932 3138 1086 3200 Iohannis
1119 3138 1259 3199 Chemer
1282 3151 1328 3199 est
1358 3156 1414 3219 per
1447 3135 1495 3215 ju·

232 3244 336 3306 dicem
360 3245 400 3306 ad
425 3261 498 3307 octo
523 3245 590 3305 dies
615 3260 784 3327 prorogata
808 3246 867 3307 sub
892 3243 994 3306 formu
1020 3244 1124 3306 liende
1149 3245 1245 3326 pacis.

338 3369 416 3431 Item
442 3369 587 3430 Thomas
611 3369 642 3429 in
668 3368 840 3450 quindenis
864 3369 1000 3430 Nicolao
1032 3368 1111 3430 duas
1143 3388 1264 3429 marcas
1288 3367 1439 3443 exsolvet,
1466 3380 1497 3428 et

233 3475 317 3536 idem
343 3473 488 3537 Thomas
512 3488 621 3536 contra
647 3473 845 3556 Stephanum
870 3494 934 3535 non
960 3474 1084 3553 juravit.

337 3581 415 3642 Item
440 3580 585 3641 Thomas
609 3595 697 3642 sutor
720 3595 829 3641 contra
854 3581 990 3642 Paulum
1015 3579 1141 3642 labrum
1166 3580 1270 3662 primo
1290 3579 1403 3641 citatus
1431 3598 1495 3640 non

233 3687 421 3768 comparuit.

339 3792 415 3854 Item
448 3797 542 3853 Anna
575 3793 690 3854 mulier
723 3792 857 3854 Lucasio
890 3791 956 3852 filio
989 3793 1092 3855 Draxe
1125 3793 1157 3853 iu
1190 3792 1363 3873 quindenis
1395 3810 1492 3852 unam

234 3917 371 3959 marcam
397 3898 509 3961 solvet.

339 4004 416 4066 Item
454 4003 602 4085 Zitarych
634 4018 742 4064 contra
776 4003 911 4087 Mykech
944 4003 1122 4065 Institorem
1147 4004 1252 4085 primo
1283 4003 1396 4065 citatus
1428 4022 1493 4063 non

233 4110 421 4192 comparuit.

233 4328 330 4403 Feria
351 4331 626 4403 terciavtddicet
642 4333 674 4400 ia
689 4330 807 4418 vigilia
824 4330 1023 4402 Nativitatis
1043 4330 1131 4401 beati
1152 4329 1315 4418 JohaunIs
1335 4328 1497 4416 Baptiste.

775 4513 838 4577 (23.
854 4500 959 4576 junia).

343 4659 452 4720 PrImo
477 4659 638 4720 Iohannes
670 4676 805 4738 magnus
836 4672 945 4717 contra
979 4655 1085 4718 Mathe
1110 4656 1292 4738 ensiparum
1325 4655 1430 4737 primo
1455 4655 1498 4716 ci-

234 4777 318 4827 tatus
341 4785 405 4828 non
432 4765 620 4847 comparuit.
