3472 5234
339 554 418 618 ltem
443 556 552 616 Hanse
577 555 763 618 Carintinus
780 570 893 617 octavo
925 557 977 618 die
993 576 1092 638 penes
1115 577 1187 618 suas
1210 557 1317 620 literas
1340 578 1436 639 super
1460 577 1498 619 eo

232 660 359 740 jurabit,
384 662 472 743 quod
498 663 564 743 ipse
590 663 699 724 Marco
724 661 791 723 filio
817 660 938 724 Gemez
962 662 991 722 X
1015 680 1137 723 marcas
1161 662 1295 725 dederit.

339 768 418 829 Item
436 769 554 829 Paulus
577 766 663 829 filius
680 768 763 829 Petri
780 787 837 849 per
861 768 988 829 Petrum
1014 769 1160 830 nobilem
1184 782 1215 830 et
1232 770 1357 851 Lepusa
1381 782 1496 830 octavo

232 873 283 935 die
309 873 369 936 hoc
394 875 551 952 atestabit,
575 874 664 955 quod
688 875 747 936 sibi
773 876 899 936 Marcus
922 873 1007 936 filius
1024 872 1127 936 Gmaz
1150 888 1295 956 quartam
1321 874 1490 936 dimidiam

231 999 364 1061 pensam
390 980 597 1041 denariorum
622 981 844 1061 potencialiter
867 981 899 1041 in
924 979 1069 1062 hospicio
1094 981 1257 1062 receperit.

339 1085 417 1147 Item
443 1087 550 1147 Endre
577 1085 642 1168 Syb
666 1106 704 1146 ex
727 1100 817 1168 parte
841 1105 897 1147 sue
918 1086 1085 1164 consortis,
1110 1087 1199 1147 Luka
1224 1086 1353 1148 Bonioli
1378 1099 1409 1147 et
1433 1085 1490 1147 do·
1521 1081 1527 1091 ’

232 1191 319 1251 miue
337 1192 494 1253 consortis
517 1211 584 1270 sue,
608 1206 754 1273 presente
778 1211 844 1254 uno
862 1190 976 1273 jurato,
1002 1210 1102 1272 usque
1125 1205 1273 1253 octavum
1298 1191 1384 1251 diem
1409 1190 1498 1272 justi·

230 1298 312 1358 ciam
337 1297 440 1359 Iacere
465 1299 594 1360 debent.

336 1403 414 1464 Item
439 1403 525 1464 Iwan
550 1403 654 1465 Iollan
678 1416 787 1465 contra
812 1403 967 1464 Iacobum
992 1401 1173 1465 carnificem
1197 1402 1339 1463 secundo
1379 1402 1493 1464 citatus

229 1528 294 1569 non
319 1510 510 1591 comparuit.

334 1615 412 1677 Item
449 1615 602 1678 Clemens
634 1630 744 1677 contra
780 1615 916 1676 Paulum
948 1615 1103 1697 pictorem
1138 1615 1244 1696 primo
1280 1615 1394 1676 citatus
1427 1635 1493 1677 non

229 1722 417 1802 comparuit.

335 1827 414 1888 Item
438 1847 531 1888 causa
556 1827 700 1888 mulieris
725 1826 829 1887 lwane
854 1839 963 1887 contra
981 1824 1176 1907 Gregorium
1193 1824 1323 1888 fratrem
1342 1826 1493 1887 Damiaui

229 1933 268 1993 ad
293 1947 442 1994 octavum
467 1933 554 1994 diem
586 1933 626 1994 ad
658 1952 770 2015 pacem
803 1946 849 1993 est
880 1945 1006 2014 recepta
1040 1931 1093 2010 ita,
1126 1932 1214 2013 quod
1238 1932 1264 1993 si
1289 1952 1350 2014 pax
1375 1931 1493 2013 poterit

229 2058 307 2117 esse,
332 2040 413 2100 bene
437 2039 580 2120 quidem,
605 2038 751 2119 alioquin
775 2038 841 2119 ipse
861 2039 920 2098 sub
944 2057 1026 2118 pena
1044 2037 1154 2099 decem
1180 2055 1360 2099 marcarum
1385 2037 1492 2099 literas

227 2162 301 2204 suas
325 2144 473 2224 antiquas
497 2144 645 2204 exhibere
671 2142 775 2205 debet.

335 2249 413 2311 Item
451 2249 575 2309 Malech
611 2249 751 2310 salivena
785 2261 894 2309 contra
931 2248 1105 2310 Bedicham
1138 2249 1242 2330 primo
1279 2249 1392 2310 citatus
1427 2267 1493 2309 non

227 2355 416 2436 comparuit.

333 2460 410 2521 Item
444 2460 583 2542 Maphya
614 2472 724 2520 contra
756 2460 899 2520 Marcum
931 2458 1034 2520 filium
1066 2459 1215 2521 Damiani
1239 2460 1344 2542 primo
1378 2460 1492 2522 citatus

228 2585 292 2627 non
319 2566 509 2648 comparuit.

332 2672 410 2734 Item
434 2671 500 2734 filia
524 2672 607 2732 Rees
631 2691 687 2752 per
710 2655 890 2733 Iohanne'm
915 2686 1080 2734 sartorem.

332 2779 409 2839 Item
434 2776 499 2839 filia
524 2778 607 2838 Rees
638 2797 695 2859 per
719 2791 815 2839 testes
838 2791 952 2839 octavo
984 2777 1035 2837 die
1066 2776 1243 2858 producere
1267 2777 1374 2855 debet,
1400 2777 1488 2858 quod

226 2884 328 2965 ipsam
355 2882 496 2965 Stephek
520 2903 615 2944 nosar
643 2896 674 2944 et
706 2882 837 2944 domina
870 2902 1000 2944 consors
1031 2901 1087 2943 sua
1120 2883 1333 2963 percusserint
1356 2897 1388 2945 ct
1409 2883 1491 2944 vitu-

164 3051 167 3059 ,
227 2989 418 3070 peraverint.

332 3094 409 3154 Item
435 3094 587 3154 Nicolaus
611 3093 848 3156 Chernechneti
872 3108 982 3156 contra
1012 3092 1190 3174 Georgium
1214 3094 1357 3155 secundo
1375 3094 1489 3156 citatus

225 3219 290 3260 non
315 3199 504 3280 comparuit.

331 3304 410 3365 Item
443 3322 536 3364 causa
569 3305 685 3365 Mireni
715 3319 824 3366 contra
858 3304 1035 3386 Georgium
1068 3326 1124 3388 per
1147 3320 1243 3368 testes
1274 3306 1314 3367 ad
1339 3321 1489 3370 octavum

225 3409 311 3470 dlem
335 3409 376 3469 ad
399 3427 511 3489 pacem
536 3424 582 3470 est
609 3424 746 3491 recepta.

330 3514 408 3574 Item
433 3513 563 3576 Lachlro
596 3514 761 3598 Borchych
787 3531 896 3577 contra
928 3516 1077 3597 Perlelnd
1110 3517 1251 3579 secundo
1284 3518 1397 3580 citatus
1421 3540 1486 3580 non

224 3620 412 3699 comparuit.

330 3724 408 3785 Item
433 3726 586 3786 Nicolaus
602 3725 719 3808 figulus
736 3743 845 3789 contra
869 3729 937 3790 Iuri
956 3729 1060 3810 primo
1083 3729 1196 3790 citatus
1212 3750 1277 3791 non
1295 3734 1487 3814 comparuit.

331 3829 408 3889 Item
441 3830 624 3892 Anthonius
658 3848 746 3896 sutor
777 3834 911 3895 domiuo
945 3835 1078 3915 Symoni
1112 3836 1349 3917 archydiacono
1386 3858 1488 3920 usque

222 3932 402 4012 quindenas
426 3947 499 3995 octo
524 3954 639 4016 pensas
663 3938 871 4002 denariorum
895 3940 1020 4001 solvere
1044 3940 1151 4002 debet.

329 4037 406 4100 Item
431 4040 564 4102 Hanche
587 4043 773 4105 Carintinus
797 4060 906 4107 contra
924 4060 1105 4107 consortem
1130 4046 1224 4107 Blaslr
1249 4047 1354 4128 primo
1372 4048 1486 4111 citatus

223 4162 288 4203 non
322 4146 511 4224 comparuit.

328 4251 406 4312 Item
431 4251 519 4332 quod
544 4253 619 4333 quia
636 4254 791 4316 dominus
813 4258 990 4319 Jacomello
1007 4259 1145 4320 condam
1162 4257 1258 4339 judex
1283 4261 1314 4321 in
1334 4262 1486 4324 omnibus

222 4354 335 4432 causis,
360 4375 439 4436 quas
463 4377 573 4419 causas
598 4358 775 4450 Gregorius
806 4361 891 4422 filius
923 4363 1078 4424 Iohannis
1110 4365 1239 4428 racione
1271 4370 1486 4448 quarumdam

224 4477 329 4519 rerum
355 4480 411 4521 seu
436 4464 595 4525 bonorum
629 4486 692 4547 que
724 4466 862 4527 condam
887 4468 1014 4529 Martini
1049 4470 1164 4531 Katiue
1196 4471 1399 4553 prefuissent,
1424 4477 1487 4556 sig·

221 4576 333 4624 nanter
364 4585 439 4626 vero
471 4582 616 4648 pretextu
648 4570 863 4651 quarumdam
895 4591 1062 4634 vaccarum
1093 4594 1129 4636 ac
1160 4577 1226 4638 vini
1257 4598 1353 4659 super
1377 4579 1484 4661 ipsum

221 4665 389 4730 dominum
414 4672 626 4735 Jacomellum
649 4676 826 4757 aquirebat‚
851 4676 1005 4738 innocens
1026 4693 1073 4741 est
1089 4695 1249 4762 repertus3
1274 4684 1349 4746 ideo
1374 4685 1483 4768 ipsum

222 4769 308 4831 dott'
372 4793 389 4816 t·
422 4776 635 4839 Jacomellum
666 4799 762 4861 super
792 4781 948 4843 universis
979 4785 1081 4846 causis
1111 4789 1419 4873 quomodocumque
1449 4806 1481 4855 et
