3472 5234
235 317 294 360 120
630 300 716 358 Anno
738 296 830 375 1378.
855 333 896 342 —
918 313 951 374 9.
975 301 1089 373 aprilis.

1402 407 1498 414 ---—

336 509 414 570 Item
442 509 623 589 Stephanus
646 521 756 570 contra
773 528 907 571 uxorem
924 510 1008 572 Petri
1036 509 1148 572 Touth
1165 490 1281 571 octauo
1305 508 1357 570 die
1382 508 1499 589 jurabit

233 615 362 698 propria
388 633 523 697 persona
556 614 588 674 in
621 633 670 693 eo,
702 613 791 695 quod
823 615 890 697 ipse
919 616 980 677 sibi
1011 629 1182 698 poztauam
1214 616 1279 676 vini
1304 634 1370 676 non
1404 614 1499 677 dimi·

238 721 338 798 sisset,
363 734 393 782 et
416 720 606 781 secundario
623 718 741 800 jurabit
763 734 829 783 met
842 721 1011 800 secundus,
1036 721 1124 803 quod
1141 722 1200 783 sibi
1225 723 1255 783 X
1279 721 1415 784 cubulos
1431 721 1498 783 vini

236 827 368 909 dampni
392 846 458 888 non
483 825 649 887 intulisset.

340 933 418 994 Item
443 910 588 1014 Zagorch
612 930 775 993 lohannes
798 944 845 992 est
873 933 1037 995 convictus
1060 934 1093 994 in
1118 934 1147 994 X
1171 933 1296 1012 marcis,
1321 952 1398 1013 ergo
1422 933 1498 1016 quia

235 1038 397 1121 quendam
422 1036 549 1099 fabrum
573 1038 702 1119 propria
726 1037 915 1100 auctoritate
939 1038 1099 1121 spoliavit.

343 1144 420 1206 Item
447 1142 607 1223 Georgius
631 1157 731 1203 sartor
755 1155 865 1204 contra
888 1144 1059 1206 Nicolaum
1080 1143 1206 1207 Crisani
1230 1143 1308 1206 feria
1339 1157 1426 1207 sexta
1450 1164 1500 1206 re·

233 1251 415 1335 spondebit.

337 1357 415 1418 Item
440 1355 581 1436 quedam
605 1355 721 1416 mulier
744 1368 854 1416 contra
879 1355 1057 1436 Georgium
1081 1355 1121 1417 ad
1145 1355 1302 1437 judicium
1327 1375 1393 1418 non
1409 1375 1499 1417 com-

232 1463 348 1546 paruit.

337 1566 566 1648 ltemquidam
600 1567 772 1629 Karinteus
804 1581 913 1629 contra
946 1567 1083 1629 Paulum
1108 1587 1173 1628 non
1206 1567 1397 1650 comparuit,
1423 1585 1500 1648 ergo

233 1674 265 1735 in
291 1673 374 1735 vicio
400 1686 431 1735 et
454 1670 590 1733 falsitate
614 1673 776 1734 remansit.

339 1778 417 1840 ltem
443 1777 520 1839 luan
545 1789 654 1838 contra
678 1777 849 1839 Nicolaum
866 1796 967 1859 usque
987 1776 1099 1839 leriam
1124 1791 1244 1838 sextam
1262 1776 1425 1838 racionem
1441 1795 1500 1858 po·

235 1904 311 1947 nere
339 1885 445 1946 debet.

339 1991 418 2052 ltem
444 1990 589 2052 Andreas
614 1989 669 2051 Sib
694 2002 804 2050 contra
829 1988 1014 2050 Ladislaum
1039 2007 1230 2052 assessorem
1255 1988 1359 2071 primo
1385 1988 1499 2050 citatus

234 2117 300 2159 non
325 2098 516 2179 comparuit.

326 2312 423 2389 Feria
452 2327 551 2387 sexta
578 2317 733 2404 proxima
762 2321 840 2386 ante
868 2315 1068 2385 dominicam
1096 2312 1411 2402 Ramispalmamm.

761 2471 805 2542 (9.
836 2467 964 2540 aprilis).

343 2609 420 2670 ltem
445 2606 628 2668 Anthonius
659 2607 762 2667 Reniz
794 2618 904 2667 contra
936 2604 1110 2687 Gyuanum
1143 2603 1305 2666 Gallicum
1337 2622 1431 2664 suum
1466 2617 1502 2665 ut

235 2713 348 2775 debuit
371 2712 581 2794 solempniter
605 2711 756 2792 deposuit
778 2710 1005 2792 juramentum.

341 2819 419 2880 ltem
444 2838 538 2880 causa
563 2816 718 2878 Johannis
741 2817 857 2879 literati
890 2830 920 2877 et
945 2815 1114 2877 Laureneii
1139 2828 1248 2876 contra
1272 2814 1349 2875 luan
1375 2828 1421 2876 est
1441 2833 1498 2898 per

237 2925 431 3006 Gregorium
456 2924 572 3004 Angeli
597 2923 637 2984 ad
662 2924 802 3005 primum
827 2922 983 3004 judicium
1011 2934 1139 3003 recepta
1163 2921 1202 2981 ad
1227 2940 1349 3003 pacem.

343 3030 421 3090 ltem
448 3029 555 3090 Endre
587 3042 695 3090 contra
729 3029 863 3090 luanum
895 3028 1130 3110 carpentarium
1163 3025 1241 3088 feria
1271 3027 1368 3088 tercia
1392 3046 1425 3088 se
1454 3047 1502 3088 se·

240 3135 364 3197 cundus
388 3135 505 3218 jurabit
528 3135 561 3196 in
586 3154 636 3213 eo,
660 3134 748 3215 quod
774 3135 841 3216 ipse
865 3153 958 3195 suum
986 3133 1225 3213 manutergium
1250 3152 1315 3193 non
1340 3131 1502 3194 furaverit.

344 3240 423 3301 Item
457 3239 624 3301 Ladislaus
655 3259 794 3300 assessor
829 3252 939 3300 contra
973 3239 1141 3300 Miclinum
1172 3257 1363 3299 assessorem
1396 3238 1502 3320 primo

237 3346 356 3429 judicio
381 3366 438 3427 per
462 3345 608 3406 Nicolam
633 3344 733 3406 Veres
757 3359 788 3406 et
805 3346 972 3406 Marenum
989 3345 1136 3407 atestabit
1159 3345 1191 3405 in
1215 3325 1377 3425 eo,'quod
1396 3344 1501 3426 ipsum

236 3450 321 3512 idem
347 3450 497 3512 Miclinus
522 3464 553 3512 et
577 3450 743 3510 universos
767 3451 852 3511 cives
876 3450 916 3513 de
941 3451 1012 3512 vico
1029 3450 1285 3512 Thetonicorum
1310 3450 1416 3510 verbis
1434 3462 1500 3511 tur·

236 3557 332 3638 pibus
356 3556 520 3617 affecisset.

342 3662 420 3723 ltem
440 3661 505 3743 Syb
530 3661 637 3722 Endre
661 3676 770 3722 contra
796 3662 979 3723 Ladislaum
1006 3681 1195 3723 assessorem
1221 3660 1362 3721 secundo
1384 3660 1500 3722 citatus

236 3788 301 3829 non
334 3767 522 3849 comparuit.

342 3874 420 3933 ltem
444 3871 603 3952 Georgius
620 3892 758 3933 assessor
782 3887 891 3934 contra
912 3873 1083 3933 Nicolaum
1102 3871 1225 3933 Odolas
1248 3873 1353 3953 primo
1377 3871 1498 3952 judicio

236 3978 453 4062 respondebit.

342 4085 420 4145 ltem
438 4104 531 4145 causa
556 4084 640 4145 Petri
666 4082 823 4145 Praudich
848 4096 957 4144 contra
976 4084 1134 4159 Markum,
1160 4083 1278 4160 Mathe,
1303 4082 1504 4165 Philippum,

237 4189 428 4267 Johannem‚
454 4189 561 4251 Mathe
586 4204 617 4251 et
640 4188 803 4250 Andream
828 4203 874 4251 est
905 4208 961 4270 per
985 4189 1153 4249 Marenum
1186 4202 1217 4250 et
1240 4189 1422 4250 iohannem
1447 4189 1502 4251 de-

237 4315 350 4357 canum
376 4294 415 4355 ad
440 4296 580 4375 primum
605 4294 760 4375 judicium
783 4308 908 4376 recepta
934 4294 973 4354 ad
998 4313 1118 4374 pacem.

344 4401 421 4462 ltem
447 4402 584 4462 lacobus
617 4401 696 4462 Bole
726 4415 835 4463 contra
870 4400 1047 4480 Georgium
1080 4420 1268 4462 assessorem
1302 4399 1380 4462 feria
1404 4403 1503 4463 tercia

237 4503 352 4583 jurabit
374 4506 406 4566 in
432 4525 481 4583 e0‚
507 4506 595 4587 quod
618 4507 723 4587 ipsum
748 4506 852 4566 verbis
876 4506 1023 4587 turpibus
1047 4505 1210 4568 affecisset.

342 4611 420 4673 ltem
445 4611 605 4694 Georgius
629 4632 767 4674 assessor
791 4628 899 4675 contra
931 4613 1146 4693 Dragozlaum
1178 4615 1283 4696 primo
1307 4613 1429 4695 judicio
1455 4635 1504 4677 re·

238 4714 420 4794 spondebit.
