3472 5234
651 343 738 398 Anno
761 336 853 415 1378.
879 373 920 382 -
944 354 994 417 14.
1018 340 1099 399 maii.

343 548 421 611 Item
446 568 541 610 causa
566 548 719 630 Stephani
743 549 843 610 Pazar
867 562 914 611 est
941 548 981 611 ad
1005 564 1079 610 octo
1104 549 1173 610 dies
1194 562 1377 632 prorogata.

342 654 421 716 Item
446 655 586 736 quedam
611 655 727 717 mulier
750 676 783 717 se
807 656 905 717 tercia
929 671 1043 717 octavo
1069 655 1122 717 die
1146 655 1263 736 jurabit
1287 669 1399 717 contra
1424 653 1506 714 Her·

237 760 337 821 ricum
362 759 546 842 pellificem‚
570 761 658 842 quod
683 761 750 843 ipsa
776 761 902 822 nullum
927 762 1059 844 peplum
1084 759 1229 824 iurasset.

343 864 422 926 ltem
446 865 630 927 Anthonius
654 880 743 928 sutor
766 867 894 928 cuidam
928 866 1055 928 mulieri
1088 867 1322 949 quinquaginta
1353 867 1507 928 denarios

237 971 401 1033 exsolvere
427 972 533 1034 debet.

343 1076 421 1139 ltem
446 1077 585 1158 quedam
610 1077 726 1138 mulier
750 1077 961 1139 Radkouicha
986 1097 1019 1138 se
1035 1078 1132 1139 tercia
1158 1077 1276 1158 jurabit
1305 1093 1419 1141 octavo
1443 1079 1509 1156 die,

235 1183 323 1264 quod
349 1184 415 1262 ipsa
441 1183 530 1244 nulla
554 1181 606 1243 fila
633 1183 740 1244 uxoris
765 1181 894 1244 Andree
918 1201 984 1243 non
1009 1181 1171 1246 furaverit.

344 1289 422 1350 Item
455 1308 549 1349 causa
584 1287 736 1370 Symonis
768 1302 799 1348 et
830 1287 955 1349 Nicolai
989 1303 1035 1349 est
1058 1308 1114 1371 per
1146 1287 1288 1367 judicem
1320 1290 1361 1350 ad
1395 1287 1507 1351 leriam

236 1408 355 1455 sextam
381 1412 466 1455 nunc
490 1406 658 1454 venturam
687 1406 868 1474 prorogata.

344 1500 421 1560 ltem
448 1498 629 1580 Stephanus
653 1498 869 1559 mercenarius
900 1512 1010 1559 contra
1036 1497 1211 1581 Georgium
1245 1500 1384 1580 juratum
1409 1520 1503 1561 suum

239 1620 273 1668 ut
297 1605 410 1667 debuit
432 1603 642 1685 solempniter
658 1622 731 1664 cum
756 1604 821 1664 suis
837 1602 1096 1683 conjuratoribus
1108 1604 1258 1688 deposuit
1274 1605 1502 1685 juramentum.

341 1711 419 1772 Item
438 1709 694 1789 adjudicavimus
710 1709 930 1787 decernentes,
950 1711 1039 1790 quod
1057 1711 1132 1791 quia
1153 1710 1338 1772 Anthonius
1354 1725 1443 1773 sutor
1459 1725 1507 1773 est

239 1816 270 1876 in
295 1816 405 1877 multis
430 1815 618 1877 criminibus
634 1815 838 1897 vituperiosis
860 1828 890 1874 et
914 1815 1120 1895 clamoribus,
1138 1817 1329 1879 verberibus
1352 1831 1507 1900 repertus,

238 1941 314 2003 ergo
339 1923 417 1983 dum
450 1922 590 2004 primum
615 1921 647 1981 in
672 1920 832 1981 similibus
860 1936 1003 2002 repertus
1035 1920 1130 1984 fuerit
1155 1922 1194 1983 de
1221 1923 1349 1985 civitate
1374 1924 1508 2006 turpiter

237 2041 403 2108 tamquam
429 2024 558 2088 infamis
582 2026 770 2107 expellatur.

343 2132 421 2195 ltem
446 2131 555 2193 relicta
568 2131 646 2192 Wlk
671 2132 940 2194 molendinatoris
956 2132 1073 2214 jurabit
1097 2148 1209 2196 octavo
1234 2134 1287 2194 die
1311 2134 1390 2213 sola,
1415 2136 1504 2216 quod

236 2240 303 2321 ipsa
340 2238 504 2319 quandam
540 2236 773 2299 fideiussoriam
809 2239 938 2320 propria
976 2258 1051 2300 curn
1084 2242 1220 2323 pecunia
1255 2259 1313 2321 pro
1354 2240 1500 2301 Johanne

234 2345 434 2426 persolverit.

342 2451 419 2513 ltem
447 2451 597 2514 Chrenda
620 2465 730 2512 contra
755 2450 841 2511 Mike
866 2450 971 2532 primo
1003 2451 1116 2512 citatus
1146 2471 1211 2512 non
1236 2452 1426 2534 comparuit.

342 2557 420 2620 ltem
446 2559 510 2619 Res
534 2572 643 2620 contra
669 2557 844 2618 Renarium
866 2557 970 2639 primo
994 2557 1108 2618 citatus
1131 2576 1196 2618 non
1221 2558 1411 2639 comparuit.

340 2661 418 2723 ltem
450 2663 634 2725 Anthonius
665 2662 786 2742 juratus
818 2663 956 2723 iohanni
989 2661 1056 2723 filio
1088 2663 1231 2723 Herman
1262 2663 1294 2723 in
1326 2662 1500 2743 quindenis

234 2769 404 2849 pecuniam
419 2769 552 2830 reddere
570 2770 676 2846 debet,
690 2788 749 2850 pro
767 2782 885 2850 quanta
901 2768 1037 2850 pecunia
1051 2769 1188 2830 redimet
1200 2769 1348 2851 pignora,
1367 2782 1397 2830 et
1415 2768 1502 2830 idem

235 2873 397 2935 Johannes
420 2895 476 2935 sua
501 2875 636 2956 pignora
660 2875 794 2935 reddere
819 2887 955 2935 tenetur.

342 2982 420 3042 ltem
444 2981 629 3042 Anthonins
652 2980 755 3041 Reniz
779 2980 917 3041 Johanni
944 2980 1082 3042 Chemer
1113 2999 1167 3040 sex
1199 2999 1317 3064 pensas
1342 2993 1373 3041 et
1396 2981 1426 3041 X
1450 2979 1505 3041 de·

234 3086 341 3147 narios
365 3087 397 3147 in
422 3086 595 3167 quindenis
619 3085 783 3146 exsolvere
808 3085 914 3147 debet.

341 3192 418 3253 ltem
444 3193 518 3273 quia
545 3191 705 3272 Georgius
729 3207 839 3252 contra
871 3191 1047 3273 Symonem
1079 3190 1260 3253 carnificem
1285 3191 1408 3273 justicie
1433 3211 1502 3254 non

236 3299 352 3378 paruit,
378 3318 453 3379 ergo
479 3299 509 3359 in
536 3297 671 3359 falsitate
697 3298 858 3359 remansit.

340 3403 417 3465 ltem
443 3405 507 3464 Res
523 3402 652 3465 Genino
678 3404 708 3464 in
734 3403 907 3483 quindenis
923 3404 952 3464 X
970 3422 1091 3465 marcas
1108 3404 1251 3467 exsolvet
1274 3423 1333 3487 pro
1357 3424 1407 3483 eo,
1425 3405 1503 3486 quia

234 3509 341 3591 ipsum
359 3510 464 3570 verbis
480 3509 627 3590 turpibus
644 3508 799 3571 affecisset
822 3525 853 3570 et
870 3509 990 3588 judicio
1007 3529 1073 3570 non
1090 3511 1206 3591 paruit,
1223 3530 1300 3593 ymo
1317 3530 1350 3573 se
1367 3511 1504 3573 omnino

232 3636 250 3676 a
276 3614 356 3676 facie
380 3615 457 3695 juris
481 3615 672 3676 absentavit.

340 3723 419 3784 Item
445 3722 625 3803 Stephanus
652 3721 794 3803 Georgio
819 3721 923 3802 jurato
955 3742 1049 3783 suum
1074 3742 1196 3784 annum
1220 3724 1317 3784 debet
1341 3723 1504 3805 complere

233 3841 264 3888 et
287 3827 426 3889 fideliter
450 3828 621 3888 deservire.

259 4045 354 4118 Feria
385 4053 482 4118 sexta
512 4050 665 4136 proxima
694 4056 771 4135 post
807 4047 931 4117 festum
968 4049 1057 4118 beati
1086 4046 1250 4136 joliannis
1278 4047 1476 4134 predictum.

775 4214 836 4276 (14.
861 4201 953 4265 maii).

340 4341 448 4401 Primo
474 4339 635 4420 Georgius
652 4339 740 4400 faber
764 4355 875 4400 contra
892 4339 1056 4400 Jaklinum
1080 4352 1195 4400 octavo
1212 4340 1264 4400 die
1281 4340 1430 4400 atestabit
1447 4358 1503 4421 per

233 4446 368 4507 luanum
394 4459 424 4506 et
449 4444 643 4526 Gregorium
675 4465 770 4527 super
802 4464 852 4522 eo,
885 4445 973 4525 quod
997 4445 1101 4527 ipsum
1135 4443 1310 4505 interficere
1335 4444 1499 4508 voluisset.

339 4553 416 4612 ltcm
435 4552 608 4612 Mauricius
625 4564 734 4612 contra
753 4550 950 4632 Stephanum
968 4551 1074 4632 primo
1093 4551 1206 4612 citatus
1224 4570 1289 4612 non
1307 4551 1499 4632 comparuit.

339 4658 416 4718 Item
442 4676 535 4718 causa
561 4656 715 4738 Gyurgelc
740 4670 770 4718 et
794 4657 911 4717 Jaklini
947 4671 992 4718 est
1019 4676 1077 4739 per
1108 4670 1203 4719 testes
1225 4656 1265 4718 ad
1290 4657 1430 4738 primum
1455 4657 1503 4737 ju·

233 4761 354 4823 dicium
379 4777 504 4843 recepta
529 4763 568 4823 ad
593 4782 716 4843 pacem.

1377 4872 1395 4921 0
