3472 5234
610 332 696 390 Anno
717 327 810 409 1384.
836 365 875 375 -
900 345 931 409 4.
955 334 1123 394 novembris.
1441 353 1501 416 2²3

344 542 421 605 Item
452 543 614 606 Iohannes
649 543 804 605 Hermani
837 556 948 606 contra
981 543 1087 626 Hamp
1119 544 1260 607 secundo
1293 544 1407 607 citatus
1438 566 1504 609 non

239 650 430 731 comparuit.

347 756 424 818 Item
449 778 543 820 causa
567 757 724 840 piliatoris
748 773 858 820 contra
882 757 1095 840 gladiatorem
1111 759 1150 820 ad
1177 771 1327 821 octavum
1352 759 1438 822 diem
1456 773 1503 822 est

239 878 421 945 prorogata.

345 969 421 1032 Item
456 970 638 1032 Hermanus
663 969 751 1033 faber
775 983 885 1033 contra
916 971 1099 1053 piliatorem
1131 972 1273 1034 secundo
1299 973 1414 1035 citatus
1437 993 1503 1036 non

238 1079 429 1161 comparuit.

345 1203 425 1265 Item
442 1200 604 1264 Iohannes
629 1201 746 1284 figulus
762 1215 872 1264 contra
890 1203 1033 1264 Marcum
1057 1203 1162 1285 primo
1187 1203 1299 1264 citatus
1323 1220 1388 1264 non
1416 1222 1487 1265 com

236 1309 352 1391 paruit.

344 1416 421 1478 Item
448 1415 584 1477 Mathias
608 1416 745 1477 condam
777 1415 898 1497 juratus
930 1430 1039 1478 contra
1072 1415 1253 1478 Iohannem
1286 1416 1428 1478 secundo
1462 1416 1503 1478 ci·

236 1534 319 1585 tatus
343 1541 409 1584 non
434 1523 624 1604 comparuit.

343 1647 420 1708 Item
447 1645 607 1728 Georgius
630 1646 847 1729 carpentarius
871 1660 980 1709 contra
998 1646 1151 1730 Gyuragh
1170 1647 1273 1729 primo
1298 1647 1412 1709 citatus
1435 1666 1500 1708 non

237 1753 428 1836 comparuit.

344 1878 422 1939 Item
458 1876 628 1959 Hlebopek
664 1877 750 1938 Iwan
782 1891 892 1939 contra
928 1877 1106 1959 Georgium
1141 1877 1246 1960 primo
1282 1877 1395 1938 citatus
1436 1894 1501 1937 non

238 1983 427 2065 comparuit.
783 1984 789 1998 ‘

342 2091 420 2152 Item
445 2088 595 2173 Bedycha
619 2103 728 2152 contra
747 2090 950 2172 Lipouschalr
967 2090 1072 2172 primo
1096 2089 1210 2151 citatus
1227 2109 1292 2152 non
1309 2090 1502 2174 comparuit.

345 2215 421 2277 Item
454 2234 548 2276 causa
580 2214 736 2276 Iohannis
768 2213 1035 2276 molendinatoris
1067 2226 1175 2275 contra
1208 2214 1352 2276 Blasium
1375 2214 1416 2276 ad
1447 2234 1500 2277 oc·

235 2333 346 2383 tavum
371 2321 457 2382 diem
482 2320 522 2382 ad
547 2340 657 2403 pacem
683 2334 730 2382 est
754 2332 891 2403 recepta.

342 2428 418 2490 Item
444 2428 592 2489 Vrbanus
623 2441 733 2488 contra
757 2427 921 2488 Thomam
946 2428 1050 2509 primo
1083 2427 1196 2488 citatus
1220 2445 1284 2487 non
1309 2427 1499 2509 comparuit.

341 2552 417 2613 Item
451 2551 612 2613 Iohannes
644 2564 754 2612 contra
787 2550 949 2633 Philipum
982 2549 1117 2632 figulum
1149 2549 1254 2630 primo
1287 2550 1401 2613 citatus
1434 2571 1499 2612 non

235 2659 425 2740 comparuit.

341 2764 419 2826 Item
448 2784 543 2825 causa
576 2764 698 2825 Mareni
731 2777 841 2825 contra
875 2762 1061 2846 Gyaninum
1087 2763 1126 2825 ad
1159 2778 1310 2826 octavum
1342 2763 1428 2825 diem
1454 2779 1501 2828 est

235 2885 418 2953 prorogata.

341 2975 420 3038 Item
446 2976 571 3037 Malech
596 2990 705 3038 contra
728 2976 884 3037 Iacobum
908 2990 1022 3038 octavo
1047 2976 1099 3037 dle
1124 2975 1341 3057 respondebit.

343 3083 422 3144 Item
454 3102 547 3144 causa
580 3081 704 3143 Malech
737 3096 846 3143 contra
879 3080 1055 3163 Georgium
1088 3081 1129 3143 ad
1161 3092 1310 3143 octavum
1343 3080 1430 3142 diem
1454 3095 1501 3144 est

235 3202 417 3271 prorogata.

342 3311 420 3374 Item
446 3310 591 3373 Thomas
616 3311 701 3373 lilius
725 3311 849 3373 Nicolai
875 3325 988 3373 octavo
1012 3310 1063 3373 die
1088 3310 1201 3391 viginti
1228 3310 1371 3392 quinque
1396 3309 1500 3372 homi-

235 3419 329 3480 nibus
353 3418 414 3480 sibi
438 3418 597 3480 similibus
622 3437 717 3500 super
741 3437 780 3479 eo
811 3417 939 3498 jurabit,
964 3416 1053 3499 quod
1087 3417 1154 3498 lpse
1179 3415 1211 3476 in
1246 3416 1500 3498 interempcione

236 3523 384 3606 Gregorii
409 3524 466 3587 filii
492 3524 617 3586 Nicolai
646 3525 800 3586 innocens
824 3537 916 3586 esset.

341 3651 419 3712 Item
444 3650 590 3711 Thomas
614 3649 698 3710 filius
723 3648 863 3709 Ladislai
884 3648 922 3709 de
940 3649 1123 3710 Rakounulr
1147 3659 1262 3709 octavo
1285 3646 1336 3708 die
1358 3658 1450 3709 sexto
1466 3666 1499 3708 se

234 3776 390 3838 supereo
417 3756 543 3837 jurabit,
569 3756 657 3837 quod
682 3754 736 3816 ille
760 3754 898 3836 gladius,
923 3774 1019 3836 quem
1044 3755 1084 3816 ab
1109 3773 1148 3816 eo
1173 3753 1322 3815 Thomas
1343 3752 1427 3815 filius
1444 3753 1500 3815 Ni-

235 3862 317 3924 colai
343 3863 577 3944 recaptivasset,
601 3881 677 3923 suus
701 3860 813 3924 luerat.

341 3987 419 4048 Item
444 3987 530 4047 idem
556 3986 702 4047 Thomas
732 3983 816 4046 filius
840 3984 979 4046 Ladislai
1013 3999 1127 4046 octavo
1151 3983 1202 4045 die
1235 3996 1324 4045 sexto
1348 4002 1381 4044 se
1405 4001 1500 4060 super

234 4113 272 4155 eo
296 4093 424 4175 jurabit,
441 4092 529 4174 quod
547 4093 614 4175 ipse
631 4091 759 4153 racione
777 4091 944 4152 cuiusdam
968 4091 1061 4172 spolii
1080 4103 1189 4152 contra
1207 4089 1370 4151 Thomam
1396 4087 1499 4149 filium

234 4199 359 4262 Nicolai
385 4200 540 4261 innocens
564 4212 654 4259 esset.

341 4323 419 4384 Item
447 4322 593 4383 Thomas
618 4320 703 4383 filius
727 4321 830 4382 Kursa
855 4333 969 4383 octavo
993 4320 1045 4383 die
1076 4319 1190 4401 vigInti
1216 4319 1359 4401 quinque
1384 4337 1417 4379 se
1441 4316 1498 4378 ho·

236 4428 376 4489 minibus
400 4429 459 4489 sibi
484 4427 644 4490 similibus
661 4447 756 4509 super
780 4446 818 4490 eo
835 4425 963 4507 jurabit,
988 4425 1076 4508 quod
1094 4427 1160 4507 ipse
1178 4425 1209 4486 in
1234 4423 1376 4505 quodam
1393 4422 1498 4504 spolio

238 4535 416 4597 latrocinali
451 4548 559 4596 contra
585 4533 724 4595 chhek
753 4532 938 4621 'carnificem
971 4533 1126 4594 innocens
1150 4532 1207 4608 sit;
1242 4530 1303 4591 hoc
1326 4528 1498 4607 declarato,

235 4641 325 4723 quod
351 4642 375 4704 si
401 4642 468 4724 ipse
494 4639 640 4702 Thomas
664 4639 702 4699 de
721 4653 827 4700 cetero
852 4639 884 4700 in
909 4639 1006 4699 simili
1024 4636 1109 4700 Iacto
1126 4650 1269 4720 repertus
1294 4634 1399 4713 luerit,
1423 4649 1498 4696 tunc

233 4748 386 4832 suspendi
411 4748 537 4810 debeat.
