3472 5234
643 306 730 364 Anno
754 319 850 385 1390.
876 340 917 350 -
941 321 992 368 20.
1015 308 1096 366 mari.
1440 327 1499 389 325

342 515 420 577 Item
531 529 640 577 contra
665 514 794 578 fratrem
818 535 912 578 suum
936 528 1051 578 octavo
1076 516 1127 578 die
1152 517 1370 599 respondebit.

345 619 424 682 ltem
447 620 564 682 lwania
588 634 698 683 contra
723 621 918 704 Gregorium
934 621 1039 703 primo
1064 622 1156 684 citata
1181 641 1246 684 non
1267 624 1456 706 comparuit.

345 726 422 788 ltem
532 741 642 789 contra
666 728 790 790 lursam
814 727 919 810 primo
944 728 1057 790 citatus
1088 747 1154 790 non
1186 729 1376 812 comparuit.

346 834 423 895 Item
442 834 553 896 Petrus
570 833 671 896 decan
689 847 799 896 contra
817 834 961 896 Marcum
977 833 1082 916 primo
1100 834 1213 897 citatus
1227 853 1292 897 non
1310 836 1500 918 comparuit.

344 939 422 1001 ltem
532 955 641 1002 contra
666 940 823 1003 Marinum
847 940 1037 1003 secundario
1062 941 1176 1003 citatus
1212 960 1276 1002 non
1309 941 1498 1024 comparuit.
1546 1018 1549 1023 Ι

347 1045 425 1108 ltem
451 1095 510 1110 ...
534 1060 645 1108 contra
670 1046 832 1108 Thomam
856 1045 1047 1108 secundario
1079 1046 1192 1108 citatus
1219 1065 1284 1108 non
1311 1046 1500 1128 comparuit.

344 1152 421 1213 ltem
446 1151 558 1214 Petrus
582 1152 699 1234 longus
723 1166 754 1215 et
778 1152 904 1215 Malech
933 1165 1088 1234 tanquam
1112 1165 1207 1214 testes
1231 1166 1344 1214 octavo
1369 1152 1421 1213 die
1446 1152 1500 1213 de·

238 1259 314 1321 bent
327 1259 390 1320 dici
405 1259 542 1341 qualiter
560 1308 567 1322 .
586 1309 593 1322 .
611 1306 618 1321 .
644 1260 726 1322 inter
743 1258 936 1341 Gregorium
950 1258 1105 1342 voyschar
1122 1272 1153 1321 et
1165 1257 1358 1340 Gregorium
1373 1258 1500 1339 Angeli.

342 1365 421 1428 ltem
438 1363 624 1448 (lohannes)
650 1385 712 1427 una
744 1384 817 1427 cum
841 1364 981 1428 Bedicha
1013 1384 1114 1446 usque
1139 1377 1212 1427 octo
1244 1365 1313 1426 dies
1337 1364 1500 1426 racionem

237 1472 318 1534 inter
341 1492 374 1533 se
399 1471 530 1555 (ponere
555 1472 695 1555 debent).

342 1578 419 1640 ltem
438 1579 603 1641 Elizabeth
619 1578 726 1661 puella
742 1578 806 1641 filia
824 1578 898 1641 lvan
912 1578 987 1640 dicti
998 1579 1111 1640 Petren
1125 1577 1164 1639 ad
1174 1590 1316 1639 nostram
1332 1576 1497 1638 veniendo

235 1686 434 1767 presenciam
460 1701 506 1747 est
537 1684 681 1747 confessa
714 1686 745 1746 in
778 1683 861 1746 hunc
894 1685 1039 1763 modum,
1071 1683 1159 1765 quod
1190 1682 1381 1744 Valentinus
1411 1680 1496 1743 filius

235 1791 389 1853 lobannis
413 1792 471 1853 sibi
498 1793 537 1853 de
555 1792 710 1854 universis
727 1793 821 1853 rebus
837 1805 867 1854 et
892 1792 985 1853 bonis
1000 1791 1060 1852 sibi
1084 1811 1140 1873 per
1157 1802 1291 1852 matrem
1316 1790 1496 1851 commissis

233 1898 374 1980 plenarie
417 1913 447 1959 et
478 1899 700 1960 omnimodam
732 1897 984 1959 satisfaccionem
1016 1897 1231 1980 inpendisset,
1262 1916 1339 1980 ymo
1371 1897 1494 1958 curiam

234 2023 297 2084 que
330 2005 389 2065 sibi
422 2005 497 2066 dare
531 2005 708 2084 tenebatur,
739 2023 796 2087 per
827 2005 936 2066 omnia
968 2002 1206 2066 extradedisset.
1244 2001 1346 2084 Super
1379 2001 1496 2083 quibus

234 2112 386 2173 omnibus
408 2112 572 2193 premissis
596 2113 663 2194 ipsa
681 2111 848 2173 Elizabeth
863 2111 968 2195 ipsum
986 2110 1192 2173 Valentinum
1217 2122 1248 2171 et
1272 2128 1348 2170 suos
1364 2106 1499 2168 heredes

234 2217 374 2279 reddidit
397 2218 524 2300 penitus
542 2218 736 2300 expeditum.

222 2304 224 2308 Α
338 2325 417 2387 ltem
448 2345 541 2387 causa
567 2325 734 2386 Laurencii
769 2337 878 2387 contra
912 2323 1099 2386 Bartholum
1131 2342 1232 2405 usque
1264 2335 1338 2385 octo
1362 2321 1431 2383 dies
1456 2321 1496 2382 ad

232 2450 343 2513 pacem
370 2445 417 2494 est
441 2443 577 2514 recepta.

338 2537 416 2598 ltem
452 2538 560 2599 relicta
595 2537 741 2620 Mathyas
776 2550 886 2598 contra
926 2534 1126 2618 Mychaelem
1163 2535 1268 2617 primo
1302 2534 1395 2596 citata
1428 2553 1496 2595 non

233 2645 422 2725 comparuit.

339 2751 414 2811 ltem
440 2749 613 2831 Ozmonog
637 2762 746 2812 contra
771 2750 910 2811 Borkam
942 2749 1047 2829 primo
1071 2747 1185 2809 citatus
1212 2767 1277 2809 non
1301 2744 1492 2828 comparuit.

339 2857 416 2918 ltem
441 2875 535 2917 causa
560 2855 708 2918 Delasich
734 2869 842 2917 contra
869 2854 1018 2935 Magdich
1041 2873 1142 2936 usque
1167 2867 1239 2915 octo
1263 2852 1333 2914 dies
1356 2865 1403 2914 est
1421 2870 1494 2934 pro·

234 2976 354 3042 rogata.

340 3069 416 3130 ltem
441 3069 527 3149 juxta
552 3069 786 3132 continenciam
811 3068 976 3130 literarum
1008 3068 1164 3148 regalium
1199 3079 1229 3128 et
1253 3066 1321 3127 eius
1345 3064 1496 3127 commis·

229 3175 357 3235 sionem
382 3175 557 3255 quemdam
582 3174 718 3236 landum
743 3194 799 3235 seu
831 3174 966 3235 domum
990 3173 1126 3235 condam
1154 3171 1329 3255 Mycbaelis
1353 3170 1496 3253 episcopi

148 3332 149 3336 ,
236 3282 467 3344 Scardonensis
489 3282 647 3363 Agustino
663 3281 820 3343 sacerdoti
844 3279 1116 3361 adjudicavimus3
1141 3298 1268 3341 causam
1293 3291 1399 3340 autem
1425 3296 1497 3360 pre·

233 3389 362 3450 missam
388 3388 512 3467 Gallus,
537 3388 721 3450 Anthonius
736 3400 767 3450 et
784 3386 937 3449 Nicolaus
960 3385 1110 3449 Delasich
1134 3386 1174 3447 ad
1200 3385 1349 3468 antiquos
1372 3383 1496 3466 judices

232 3495 445 3578 appellarunt.

339 3604 417 3666 ltem
442 3622 534 3664 causa
560 3600 709 3682 Gregorii
741 3599 898 3684 voyschar
921 3613 1030 3662 contra
1056 3597 1183 3661 Mikech
1216 3595 1366 3679 Magdich
1392 3615 1495 3677 usque

232 3723 305 3772 octo
330 3710 398 3771 dies
421 3709 461 3771 ad
486 3728 597 3792 pacem
622 3724 669 3770 est
692 3721 829 3791 recepta.

339 3817 416 3878 ltem
442 3817 509 3878 Kus
532 3817 616 3879 ribar
641 3835 741 3897 usque
758 3815 844 3876 diem
869 3813 1067 3875 dominicum
1085 3812 1229 3894 proxime
1254 3824 1423 3873 venturum
1442 3829 1495 3871 sex

232 3921 300 3984 flor.
326 3922 498 3985 castellano
531 3923 570 3983 de
596 3921 718 3984 Chicha
748 3921 873 3983 solvere
905 3921 1018 3996 debet;
1043 3920 1111 4002 ipse
1142 3932 1250 3980 autern
1275 3919 1343 3978 Kus
1376 3915 1494 3977 dictam

233 4047 361 4089 causam
386 4028 424 4089 ad
451 4029 600 4109 antiquos
624 4028 747 4110 judices
770 4026 955 4110 appellavit.

337 4244 434 4319 laria
463 4253 561 4318 sexta
590 4249 744 4335 proxima
772 4254 850 4318 ante
877 4245 999 4317 festum
1027 4244 1123 4315 beate
1151 4243 1248 4316 Elene
1276 4244 1397 4330 regine.

767 4397 831 4475 (20.
862 4396 957 4473 maii).

340 4540 416 4601 ltem
434 4539 586 4601 Nicolaus
603 4538 706 4600 dictus
730 4536 848 4621 lglicha
872 4556 928 4621 per
944 4537 1075 4599 evidens
1091 4535 1312 4599 testimonium
1336 4548 1367 4597 et
1391 4533 1492 4596 eciam

233 4666 288 4728 per
312 4646 419 4707 literas
443 4646 482 4706 de
507 4646 728 4707 Jaztrebarzka
754 4644 785 4706 id
810 4643 1031 4726 comprobavit
1047 4642 1213 4726 quomodo
1230 4641 1335 4724 ipsum
1360 4639 1492 4721 quidam

233 4752 457 4818 Teutonici..
481 4751 611 4835 triginta
627 4751 755 4815 duobus
778 4750 847 4814 flor.
872 4749 1071 4832 spoliassent.
