3472 5234
647 313 732 369 Anno
756 321 841 387 1377.
867 345 907 353 —
931 322 977 386 15.
1001 312 1081 372 maii,

307 546 403 622 FerIa
435 551 540 621 tercia
568 550 722 637 proxima
752 555 830 618 ante
857 548 980 619 festum
1008 551 1119 619 sancti
1147 547 1311 638 Johannis
1340 554 1418 618 ante

709 681 844 758 portam
872 671 1023 772 latinam.

778 819 823 902 (5.
846 825 938 899 mair).

339 963 448 1024 Primo
472 981 566 1024 causa
594 960 719 1022 Nicolai
752 958 811 1022 filii
842 961 967 1023 Nicolai
1001 979 1031 1023 et
1056 960 1183 1023 Martini
1216 960 1292 1023 dicti
1321 958 1494 1042 Zequirich

233 1069 342 1131 estad
367 1082 439 1130 octo
465 1068 532 1128 dies
556 1080 681 1148 recepta
706 1065 745 1127 ad
770 1086 894 1147 pacem.

339 1174 417 1236 Item
441 1173 551 1236 relicta
576 1170 729 1251 Stephani
755 1172 867 1234 Bozou
891 1187 1000 1236 contra
1025 1174 1228 1236 Anthonium
1252 1173 1355 1234 Reniz
1380 1185 1495 1235 octavo

138 1305 139 1309 ¹
236 1281 287 1342 die
312 1279 528 1363 respondebit.

340 1387 417 1447 Item
442 1406 536 1448 causa
562 1387 710 1468 Gregorii
735 1398 766 1447 et
789 1383 945 1446 Anthonii
978 1385 1095 1447 sutoris
1119 1398 1166 1446 est
1189 1404 1246 1465 per
1270 1384 1440 1445 lvlarenum
1464 1394 1496 1443 et

234 1491 433 1574 Stephanum
458 1490 561 1554 filium
585 1492 676 1554 Pauli
701 1492 740 1553 ad
765 1504 838 1552 octo
863 1490 931 1552 dIes
954 1505 1080 1573 recepta
1104 1490 1144 1551 ad
1168 1508 1290 1572 pacem.

339 1595 416 1659 Item
440 1617 534 1660 causa
560 1598 645 1681 Span
670 1611 701 1661 et
725 1596 834 1660 Jacobi
859 1594 1005 1677 pellificis
1028 1609 1075 1657 est
1097 1616 1154 1678 per
1179 1597 1346 1657 Marenum
1372 1607 1402 1656 et
1427 1594 1496 1658 Ste-

233 1703 376 1786 phanum
400 1701 503 1765 filium
528 1704 618 1765 Pauli
643 1704 683 1765 ad
710 1717 784 1765 octo
809 1702 878 1763 dies
901 1717 1026 1784 recepta
1050 1702 1090 1762 ad
1115 1721 1238 1784 pacem.

323 1809 417 1873 ‚Item
443 1810 606 1871 Iohannes
630 1810 708 1891 vigil
733 1823 841 1870 contra
864 1807 1016 1890 Gyurgelr
1041 1822 1156 1870 octavo
1181 1807 1233 1869 die
1256 1827 1290 1868 se
1314 1806 1431 1868 tercius
1446 1804 1494 1886 ju·

235 1915 316 1976 rabit
341 1915 372 1976 in
398 1934 447 1994 eo,
472 1915 560 1996 quod
587 1916 645 1996 ipsi
670 1915 807 1996 virgulta
832 1932 915 1975 nova
939 1934 995 1975 sue
1020 1914 1111 1975 vinee
1136 1913 1228 1975 nullo
1251 1912 1339 1973 malo
1362 1912 1495 1993 ingenio

235 2039 301 2082 non
325 2020 520 2102 spoliaverit.

339 2125 418 2186 Item
450 2125 591 2187 Briccius
629 2139 738 2187 contra
769 2125 957 2206 magistrum
990 2125 1120 2186 Petrum
1149 2125 1255 2207 primo
1287 2124 1401 2186 citatus
1430 2142 1497 2185 non

235 2232 424 2314 comparuit.

340 2337 418 2400 Item
434 2337 520 2399 Iwan
544 2337 674 2419 jobagio
699 2337 840 2419 magistri
858 2338 942 2399 Petri
976 2337 1015 2398 de
1040 2337 1131 2400 Cheh
1155 2351 1269 2399 octavo
1294 2336 1345 2398 die
1369 2336 1494 2398 molen·

235 2443 348 2505 dinum
372 2457 509 2506 statuere
534 2444 628 2505 debet
661 2444 691 2504 In
722 2444 795 2504 Ioco
819 2443 965 2527 pristino,
988 2463 1047 2526 pro
1079 2463 1144 2525 quo
1168 2441 1306 2505 Wlkech
1331 2456 1362 2503 et
1386 2442 1496 2505 Petrus

235 2547 408 2610 familiares
431 2549 530 2632 ipsius
554 2549 695 2631 magistri
716 2550 801 2610 Petri
825 2548 1072 2632 fidejubuerunt.

340 2655 418 2718 Item
444 2656 589 2718 GenInus
606 2675 743 2717 assessor
760 2670 790 2717 et
808 2654 983 2736 Gregorius
1007 2676 1101 2738 super
1117 2656 1257 2738 quadam
1273 2668 1356 2718 terra
1381 2655 1493 2718 arabili

235 2781 332 2843 quam
346 2761 507 2824 Cuetkoni
522 2761 606 2823 idem
622 2761 767 2823 GenInus
780 2781 838 2843 pro
852 2781 968 2823 novem
983 2762 1097 2823 marcis
1109 2762 1313 2824 denariorum
1331 2761 1497 2843 obIIgavit,

235 2868 268 2929 In
291 2867 463 2948 quindenis
483 2867 551 2948 jura
572 2867 718 2945 literalis,
738 2867 764 2928 si
781 2887 843 2948 qua
863 2867 1042 2946 habuerint,
1064 2867 1245 2950 producent
1260 2886 1368 2930 coram
1392 2867 1497 2930 nobis.

342 2973 420 3035 Item
452 2973 564 3034 Petrus
595 2986 696 3034 sartor
720 2987 751 3034 et
781 2972 956 3054 Gregorius
991 2986 1100 3034 contra
1133 2973 1309 3056 Symonem
1341 2985 1495 3035 sartorem

234 3080 339 3161 primo
364 3079 449 3141 citati
474 3098 538 3139 non
562 3091 821 3159 comparuerunt.

343 3184 421 3245 Item
446 3204 539 3246 causa
564 3183 697 3264 Georgii
723 3184 815 3265 iurati
844 3199 876 3247 et
900 3186 985 3246 Luce
1016 3183 1163 3268 pellificis
1194 3198 1241 3248 est
1264 3203 1320 3267 per
1337 3183 1497 3247 Janchech

235 3304 267 3351 et
291 3291 445 3351 Iacobum
472 3289 643 3372 pellificem
667 3290 707 3350 ad
732 3305 804 3352 octo
829 3291 896 3352 dies
920 3306 1046 3373 recepta
1070 3291 1110 3353 ad
1134 3311 1256 3373 pacem.

341 3394 419 3456 Item
447 3395 607 3459 Iohannes
639 3395 800 3457 Chemerii
832 3411 942 3459 contra
974 3397 1152 3479 Georgium
1191 3397 1353 3458 literatum
1388 3396 1495 3480 primo

238 3501 350 3562 citatus
378 3521 444 3563 non
471 3502 660 3583 comparuit.

341 3606 419 3668 Item
445 3607 550 3667 Loure
576 3619 685 3668 contra
709 3607 884 3669 Bedicham
908 3609 1014 3690 primo
1039 3609 1150 3670 citatus
1174 3628 1239 3669 non
1264 3609 1453 3691 comparuit.

343 3712 421 3774 Item
446 3733 539 3774 causa
565 3713 687 3775 Miclini
713 3727 743 3775 et
761 3714 892 3796 Georgii
917 3728 948 3776 et
964 3735 1020 3796 per
1041 3713 1221 3776 Iohannem
1239 3727 1269 3777 et
1293 3714 1499 3797 Kunspergar

236 3817 276 3879 ad
301 3832 374 3880 octo
399 3819 467 3880 dies
491 3832 615 3901 recepta
640 3819 679 3880 ad
704 3840 826 3901 pacem.

341 3923 1496 4011 ItemlohannesChemeriicontraStephanumoctavodierespondebit.

340 4029 417 4091 Item
442 4030 577 4091 Mathias
602 4044 711 4094 contra
735 4033 955 4094 Alexandrum
981 4045 1094 4096 octavo
1119 4035 1171 4096 die
1195 4034 1413 4118 respondebit.

233 4244 331 4321 Faria
346 4257 444 4321 sexta
458 4253 612 4338 proxima
631 4259 707 4339 post
726 4258 866 4322 octavas
880 4249 1096 4325 Ascensionis
1117 4254 1213 4326 Ihesu
1234 4255 1357 4326 domini
1377 4258 1497 4328 nostrl.

769 4400 832 4482 (15.
856 4402 953 4485 mair).

341 4540 418 4601 Item
443 4541 530 4622 Span
554 4556 664 4604 contra
689 4543 844 4604 Iacobum
861 4542 1033 4626 pellificem
1057 4559 1170 4607 octavo
1196 4545 1248 4608 die
1271 4546 1419 4609 atestabit
1434 4566 1492 4630 per

232 4646 435 4708 Anthonium
458 4660 598 4709 sutorem
616 4663 646 4710 et
663 4648 871 4710 Pauerlinum
894 4670 988 4730 super
1014 4670 1063 4729 eo,
1087 4665 1121 4712 ut
1152 4650 1238 4713 idem
1263 4652 1401 4714 Iacobus
1431 4652 1493 4714 sibi

233 4770 329 4812 unam
353 4760 567 4813 menstrucam
591 4754 759 4835 vulpInam
782 4766 954 4816 teneretur.
