3472 5234
646 338 732 395 Anno
755 333 846 412 1387.
872 369 912 380 -
938 333 969 396 8.
985 335 1139 415 januarii.
1460 337 1521 420 269

364 545 442 606 ltem
474 545 585 606 Petrus
617 558 731 607 octavo
763 545 815 605 die
846 546 988 607 secundo
1013 565 1046 607 se
1077 567 1172 628 super
1205 566 1244 608 eo
1272 547 1399 628 iurabit,
1432 550 1520 630 quod

258 652 324 733 ipse
351 650 521 732 Draganye
545 669 610 711 non
634 650 707 732 plus
739 651 798 712 nisi
832 650 943 712 decem
976 653 1090 713 marcis
1114 652 1239 714 debitor
1272 652 1382 715 luisset
1407 667 1437 715 et
1462 673 1519 715 un-

259 756 363 818 decim
390 768 421 817 et
445 755 584 816 mediam
608 755 765 818 solvisset.

365 861 444 922 Item
469 860 631 922 lohannes
655 874 743 923 sutor
766 877 882 925 octavo
914 863 967 924 die
1001 863 1100 925 tercio
1125 883 1158 924 se
1189 863 1316 943 jurabit,
1342 864 1430 945 quod
1455 865 1522 947 ipse

261 966 382 1028 Sarkan
406 966 639 1048 paramendum
664 987 728 1029 non
753 970 954 1050 apreciasset.

365 1072 443 1133 Item
467 1077 561 1133 Anna
585 1073 703 1135 mulier
727 1089 841 1137 octavo
865 1076 917 1137 die
938 1075 1038 1137 tercio
1058 1095 1090 1136 se
1108 1095 1203 1158 super
1219 1097 1258 1138 eo
1282 1076 1409 1157 jurabit,
1434 1080 1521 1159 quod

261 1178 329 1258 ipsa
352 1177 451 1239 nichil
476 1179 613 1239 Nicolao
636 1177 704 1241 filio
729 1182 853 1242 Nicolai
886 1181 1100 1245 subtraxisset.

366 1283 444 1345 Item
472 1303 566 1345 causa
595 1286 752 1348 Anthonii
784 1302 894 1349 contra
927 1286 1122 1368 Gregorium
1156 1307 1256 1369 usque
1288 1304 1361 1351 octo
1385 1290 1454 1352 dies
1478 1304 1525 1352 est

259 1404 441 1471 prorogata.

367 1496 444 1557 ltem
463 1495 616 1558 Clemens
639 1499 777 1579 piscator
794 1498 1018 1581 Zlaknachych
1044 1519 1145 1580 usque
1163 1500 1343 1581 quindenas
1367 1500 1525 1581 Gregorio

261 1600 383 1661 decano
420 1601 534 1682 viginti
572 1603 686 1664 starios
720 1604 806 1682 salis,
839 1605 927 1686 quod
959 1606 1182 1689 comprobavit
1214 1627 1287 1667 cum
1320 1608 1408 1668 bono
1439 1607 1524 1668 testi·

258 1707 380 1786 monio,
407 1707 531 1769 solvere
555 1709 661 1771 debet.

364 1813 441 1874 Item
467 1814 620 1875 Nicolaus
636 1828 746 1877 contra
771 1816 900 1877 Petrum
927 1816 1031 1898 primo
1059 1817 1173 1878 citatus
1198 1835 1262 1878 non
1287 1818 1479 1899 comparuit.

366 1919 443 1980 ltem
469 1919 552 1980 iwan
578 1920 710 1982 clericus
734 1941 837 2002 usque
871 1921 1051 2002 quindenas
1083 1922 1222 1984 consorti
1246 1922 1359 1984 Kusko
1383 1942 1525 2003 proauo

258 2024 390 2084 vulnere
416 2025 546 2086 terciam
571 2026 739 2087 dimidiam
765 2046 887 2088 marcas
911 2028 1025 2089 solvet.

367 2130 446 2192 ltem
460 2131 618 2193 Janchech
633 2133 873 2195 molendinator
889 2153 991 2215 usque
1012 2134 1192 2215 quindenas
1212 2135 1351 2196 consorti
1370 2134 1526 2196 iohannis

258 2236 387 2317 pistoris
410 2237 541 2299 terciam
574 2238 742 2300 dimidiam
769 2259 889 2301 marcas
913 2260 972 2321 pro
1004 2260 1062 2300 suo
1087 2239 1220 2301 vulnere
1244 2240 1379 2322 (solvere
1405 2238 1524 2320 debet).

329 2469 426 2545 Feria
454 2476 561 2546 tercia
588 2480 746 2565 proxima
774 2483 851 2565 post
879 2476 1001 2546 festum
1030 2476 1291 2565 Epiphaniarum
1319 2475 1457 2546 domini.

664 2629 762 2704 (Anno
785 2625 875 2706 1387,
909 2625 939 2688 8.
956 2627 1122 2704 sonuerit).

367 2765 445 2827 Item
470 2786 564 2827 causa
589 2768 712 2830 Mareni
736 2783 846 2830 contra
871 2766 1004 2829 voschar
1031 2769 1071 2829 ad
1096 2781 1246 2829 octavum
1270 2767 1356 2828 diem
1382 2781 1428 2829 est
1452 2788 1525 2849 pro-

260 2886 382 2952 rogata.

366 2979 444 3039 Item
470 2980 581 3041 Banko
606 2980 645 3040 de
670 2994 764 3062 portu
782 2994 891 3041 contra
909 2978 1088 3040 Johannem
1106 2978 1209 3040 lilium
1227 2978 1404 3061 Mychaelis
1420 2980 1525 3061 primo

260 3085 375 3146 citatus
399 3104 465 3146 non
490 3086 680 3166 comparuit.

367 3191 445 3252 item
470 3191 631 3272 Georgius
655 3192 733 3272 vigil
758 3206 867 3253 contra
892 3192 959 3253 Juri
984 3190 1062 3253 feria
1087 3206 1173 3253 sexta
1198 3190 1417 3271 respondebit.

367 3296 445 3358 Item
470 3297 611 3359 Briccius
636 3312 745 3359 contra
770 3297 855 3360 lwan
881 3297 959 3359 feria
983 3312 1070 3359 sexta
1094 3297 1311 3379 respondebit.

367 3401 446 3463 ltem
472 3403 594 3485 Symon
618 3416 728 3464 contra
753 3403 908 3465 Jacobum
935 3404 1039 3485 primo
1063 3404 1176 3464 citatus
1200 3422 1265 3464 non
1290 3402 1480 3484 comparuit.

368 3508 445 3569 ltem
472 3507 631 3589 Georgius
654 3509 732 3589 vigil
757 3524 866 3571 contra
892 3510 1055 3591 quandam
1080 3510 1248 3571 mulierem
1273 3509 1378 3592 primo
1412 3508 1526 3570 citatus

262 3632 327 3674 non
352 3615 543 3696 comparuit.

368 3718 445 3780 Item
471 3740 563 3782 causa
589 3721 744 3783 Anthonii
770 3737 880 3784 contra
906 3720 1100 3803 Gregorium
1124 3722 1164 3782 ad
1197 3719 1309 3782 leriam
1334 3733 1455 3782 sextam
1480 3734 1527 3781 est

262 3839 442 3905 prorogata.
716 3801 726 3817 ⁸

368 3931 444 3992 Item
471 3932 622 3994 dominus
646 3933 781 4014 Egidius
805 3933 952 3995 sacerdos
975 3947 1006 3995 et
1029 3934 1120 3994 Jursa
1145 3952 1246 4014 usque
1270 3932 1451 4013 quindenas
1469 3931 1526 3993 do·
1546 3982 1549 3987 .

264 4037 352 4097 mino
378 4037 536 4099 Jakmello
560 4039 689 4119 triginta
714 4054 852 4119 quatuor
876 4038 944 4102 flor.
969 4040 1037 4100 auri
1061 4038 1185 4100 solvere
1209 4039 1337 4100 debent.

370 4142 447 4204 Item
473 4144 635 4206 Barnabas
656 4145 830 4205 canonicus
848 4163 902 4226 per
918 4143 1118 4223 judiciariam
1136 4143 1397 4204 commissionem
1417 4156 1526 4203 contra

263 4262 418 4329 cognatos
442 4250 566 4311 Nicolai
593 4249 757 4332 Glesnyalr
782 4251 813 4311 in
839 4249 958 4329 judicio
984 4269 1049 4311 non
1079 4250 1268 4331 comparuit.

368 4354 447 4416 Item
474 4356 666 4418 Benedictus
690 4354 831 4417 carnifex
856 4370 965 4416 contra
997 4356 1153 4416 Jacobum
1182 4355 1287 4436 primo
1315 4354 1429 4415 citatus
1461 4372 1525 4414 non

263 4461 455 4542 comparuit.

370 4566 448 4628 Item
480 4567 625 4647 Dragech
665 4580 696 4629 et
728 4566 889 4628 lohannes
923 4565 1008 4627 lilius
1046 4585 1122 4626 suus
1160 4565 1192 4625 in
1224 4563 1308 4626 facto
1340 4563 1528 4625 succisionis

263 4672 430 4733 cuiusdam
448 4672 540 4733 vinee
558 4685 668 4734 contra
693 4671 872 4733 Johannem
890 4670 993 4732 lilium
1010 4670 1106 4749 Petri,
1123 4671 1156 4731 in
1174 4668 1244 4731 loro
1260 4670 1403 4750 legitime
1422 4667 1527 4751 primo

263 4777 481 4859 proclamatus
505 4778 545 4838 ad
569 4791 749 4859 presentem
775 4775 887 4839 feriam
916 4776 1059 4854 terciam,
1084 4795 1148 4837 non
1173 4776 1271 4837 venit.
