<?xml version="1.0" encoding="UTF-8"?>
<!DOCTYPE html PUBLIC "-//W3C//DTD XHTML 1.0 Transitional//EN"
    "http://www.w3.org/TR/xhtml1/DTD/xhtml1-transitional.dtd">
<html xmlns="http://www.w3.org/1999/xhtml" xml:lang="en" lang="en">
 <head>
  <title>
</title>
<meta http-equiv="Content-Type" content="text/html;charset=utf-8" />
  <meta name='ocr-system' content='tesseract 3.04.00' />
  <meta name='ocr-capabilities' content='ocr_page ocr_carea ocr_par ocr_line ocrx_word'/>
</head>
<body>
  <div class='ocr_page' id='page_1' title='image "./monumentahistor09laszgoog/monumentahistor09laszgoog_0383.png"; bbox 0 0 3472 5234; ppageno 0'>
   <div class='ocr_carea' id='block_1_1' title="bbox 239 317 1505 819">
    <p class='ocr_par' dir='ltr' id='par_1_1' title="bbox 239 317 1505 819">
     <span class='ocr_line' id='line_1_1' title="bbox 659 317 1505 399; baseline 0.004 -24"><span class='ocrx_word' id='word_1_1' title='bbox 659 317 747 376; x_wconf 83' lang='lat' dir='ltr'>Anno</span> <span class='ocrx_word' id='word_1_2' title='bbox 768 329 861 393; x_wconf 77' lang='lat'>1390.</span> <span class='ocrx_word' id='word_1_3' title='bbox 887 349 927 361; x_wconf 93' lang='lat'><em>-</em></span> <span class='ocrx_word' id='word_1_4' title='bbox 946 331 981 394; x_wconf 74' lang='lat'>3.</span> <span class='ocrx_word' id='word_1_5' title='bbox 997 317 1091 393; x_wconf 78' lang='lat' dir='ltr'>junii.</span> <span class='ocrx_word' id='word_1_6' title='bbox 1444 337 1505 399; x_wconf 82' lang='lat'>327</span> 
     </span>
     <span class='ocr_line' id='line_1_2' title="bbox 245 523 1505 609; baseline 0.003 -23"><span class='ocrx_word' id='word_1_7' title='bbox 245 525 330 587; x_wconf 93' lang='lat' dir='ltr'>bitur</span> <span class='ocrx_word' id='word_1_8' title='bbox 353 545 449 608; x_wconf 89' lang='lat' dir='ltr'>super</span> <span class='ocrx_word' id='word_1_9' title='bbox 471 544 521 604; x_wconf 91' lang='lat' dir='ltr'>eo,</span> <span class='ocrx_word' id='word_1_10' title='bbox 538 524 626 606; x_wconf 94' lang='lat' dir='ltr'>quod</span> <span class='ocrx_word' id='word_1_11' title='bbox 651 525 718 606; x_wconf 86' lang='lat' dir='ltr'>ipse</span> <span class='ocrx_word' id='word_1_12' title='bbox 736 524 838 586; x_wconf 91' lang='lat' dir='ltr'>dictos</span> <span class='ocrx_word' id='word_1_13' title='bbox 854 523 924 588; x_wconf 90' lang='lat' dir='ltr'>flor.</span> <span class='ocrx_word' id='word_1_14' title='bbox 949 525 1054 587; x_wconf 89' lang='lat' dir='ltr'>eidem</span> <span class='ocrx_word' id='word_1_15' title='bbox 1073 526 1231 608; x_wconf 82' lang='lat' dir='ltr'>Gregorio</span> <span class='ocrx_word' id='word_1_16' title='bbox 1248 546 1305 609; x_wconf 90' lang='lat' dir='ltr'>pro</span> <span class='ocrx_word' id='word_1_17' title='bbox 1327 528 1418 590; x_wconf 89' lang='lat' dir='ltr'>lucro</span> <span class='ocrx_word' id='word_1_18' title='bbox 1436 549 1505 590; x_wconf 92' lang='lat' dir='ltr'>non</span> 
     </span>
     <span class='ocr_line' id='line_1_3' title="bbox 241 629 1503 715; baseline 0.002 -24"><span class='ocrx_word' id='word_1_19' title='bbox 241 629 399 707; x_wconf 87' lang='lat' dir='ltr'>dedisset;</span> <span class='ocrx_word' id='word_1_20' title='bbox 423 631 490 713; x_wconf 89' lang='lat' dir='ltr'>ipse</span> <span class='ocrx_word' id='word_1_21' title='bbox 515 631 601 691; x_wconf 90' lang='lat' dir='ltr'>enim</span> <span class='ocrx_word' id='word_1_22' title='bbox 627 629 803 712; x_wconf 80' lang='lat' dir='ltr'>Gregorius</span> <span class='ocrx_word' id='word_1_23' title='bbox 826 631 982 714; x_wconf 87' lang='lat' dir='ltr'>voyschar</span> <span class='ocrx_word' id='word_1_24' title='bbox 1009 632 1110 715; x_wconf 87' lang='lat' dir='ltr'>ipsam</span> <span class='ocrx_word' id='word_1_25' title='bbox 1136 651 1264 694; x_wconf 86' lang='lat' dir='ltr'>causam</span> <span class='ocrx_word' id='word_1_26' title='bbox 1287 632 1328 693; x_wconf 88' lang='lat' dir='ltr'>ad</span> <span class='ocrx_word' id='word_1_27' title='bbox 1352 633 1503 714; x_wconf 85' lang='lat' dir='ltr'>antiquos</span> 
     </span>
     <span class='ocr_line' id='line_1_4' title="bbox 239 734 569 819; baseline 0.009 -23"><span class='ocrx_word' id='word_1_28' title='bbox 239 734 363 816; x_wconf 87' lang='lat' dir='ltr'>judices</span> <span class='ocrx_word' id='word_1_29' title='bbox 387 736 569 819; x_wconf 88' lang='lat' dir='ltr'>appellavit.</span> 
     </span>
    </p>
   </div>
   <div class='ocr_carea' id='block_1_2' title="bbox 239 860 1504 1261">
    <p class='ocr_par' dir='ltr' id='par_1_2' title="bbox 239 860 1504 1261">
     <span class='ocr_line' id='line_1_5' title="bbox 346 860 1504 945; baseline 0 -23"><span class='ocrx_word' id='word_1_30' title='bbox 346 860 424 922; x_wconf 89' lang='lat' dir='ltr'>ltem</span> <span class='ocrx_word' id='word_1_31' title='bbox 450 861 579 922; x_wconf 82' lang='lat' dir='ltr'>Merena</span> <span class='ocrx_word' id='word_1_32' title='bbox 603 860 720 923; x_wconf 91' lang='lat' dir='ltr'>mulier</span> <span class='ocrx_word' id='word_1_33' title='bbox 736 861 821 943; x_wconf 84' lang='lat' dir='ltr'>juxta</span> <span class='ocrx_word' id='word_1_34' title='bbox 845 880 940 923; x_wconf 89' lang='lat' dir='ltr'>suum</span> <span class='ocrx_word' id='word_1_35' title='bbox 956 875 1183 924; x_wconf 86' lang='lat' dir='ltr'>testamentum</span> <span class='ocrx_word' id='word_1_36' title='bbox 1200 875 1316 924; x_wconf 85' lang='lat' dir='ltr'>octavo</span> <span class='ocrx_word' id='word_1_37' title='bbox 1342 861 1396 925; x_wconf 87' lang='lat' dir='ltr'>die</span> <span class='ocrx_word' id='word_1_38' title='bbox 1408 881 1504 945; x_wconf 88' lang='lat' dir='ltr'>super</span> 
     </span>
     <span class='ocr_line' id='line_1_6' title="bbox 240 965 1501 1047; baseline 0.004 -20"><span class='ocrx_word' id='word_1_39' title='bbox 240 984 278 1027; x_wconf 91' lang='lat' dir='ltr'>eo</span> <span class='ocrx_word' id='word_1_40' title='bbox 303 965 420 1047; x_wconf 86' lang='lat' dir='ltr'>jurabit</span> <span class='ocrx_word' id='word_1_41' title='bbox 442 967 584 1029; x_wconf 88' lang='lat' dir='ltr'>secundo</span> <span class='ocrx_word' id='word_1_42' title='bbox 608 987 652 1046; x_wconf 90' lang='lat' dir='ltr'>se,</span> <span class='ocrx_word' id='word_1_43' title='bbox 677 981 712 1029; x_wconf 95' lang='lat' dir='ltr'>ut</span> <span class='ocrx_word' id='word_1_44' title='bbox 735 968 931 1029; x_wconf 89' lang='lat' dir='ltr'>Laurencius</span> <span class='ocrx_word' id='word_1_45' title='bbox 954 968 1014 1029; x_wconf 83' lang='lat' dir='ltr'>sibi</span> <span class='ocrx_word' id='word_1_46' title='bbox 1040 969 1217 1031; x_wconf 91' lang='lat' dir='ltr'>secundum</span> <span class='ocrx_word' id='word_1_47' title='bbox 1236 968 1407 1031; x_wconf 91' lang='lat' dir='ltr'>dimidium</span> <span class='ocrx_word' id='word_1_48' title='bbox 1431 971 1501 1034; x_wconf 90' lang='lat' dir='ltr'>flor.</span> 
     </span>
     <span class='ocr_line' id='line_1_7' title="bbox 239 1072 1500 1156; baseline 0.002 -23"><span class='ocrx_word' id='word_1_49' title='bbox 239 1072 367 1135; x_wconf 90' lang='lat' dir='ltr'>debitor</span> <span class='ocrx_word' id='word_1_50' title='bbox 392 1087 491 1150; x_wconf 88' lang='lat' dir='ltr'>esset;</span> <span class='ocrx_word' id='word_1_51' title='bbox 516 1073 583 1155; x_wconf 90' lang='lat' dir='ltr'>ipse</span> <span class='ocrx_word' id='word_1_52' title='bbox 607 1074 694 1134; x_wconf 90' lang='lat' dir='ltr'>enim</span> <span class='ocrx_word' id='word_1_53' title='bbox 720 1074 916 1135; x_wconf 86' lang='lat' dir='ltr'>Laurencius</span> <span class='ocrx_word' id='word_1_54' title='bbox 940 1092 1068 1135; x_wconf 86' lang='lat' dir='ltr'>causam</span> <span class='ocrx_word' id='word_1_55' title='bbox 1100 1093 1190 1136; x_wconf 88' lang='lat' dir='ltr'>suam</span> <span class='ocrx_word' id='word_1_56' title='bbox 1214 1074 1253 1136; x_wconf 90' lang='lat' dir='ltr'>ad</span> <span class='ocrx_word' id='word_1_57' title='bbox 1278 1075 1429 1156; x_wconf 87' lang='lat' dir='ltr'>antiquos</span> <span class='ocrx_word' id='word_1_58' title='bbox 1452 1074 1500 1156; x_wconf 91' lang='lat' dir='ltr'>ju·</span> 
     </span>
     <span class='ocr_line' id='line_1_8' title="bbox 239 1177 533 1261; baseline 0.01 -23"><span class='ocrx_word' id='word_1_59' title='bbox 239 1177 325 1239; x_wconf 88' lang='lat' dir='ltr'>dices</span> <span class='ocrx_word' id='word_1_60' title='bbox 349 1179 533 1261; x_wconf 88' lang='lat' dir='ltr'>appellavit.</span> 
     </span>
    </p>
   </div>
   <div class='ocr_carea' id='block_1_3' title="bbox 688 1347 1163 1455">
    <p class='ocr_par' dir='ltr' id='par_1_3' title="bbox 688 1347 1163 1455">
     <span class='ocr_line' id='line_1_9' title="bbox 688 1347 1163 1455; baseline -0.002 -36"><span class='ocrx_word' id='word_1_61' title='bbox 688 1347 870 1420; x_wconf 78' lang='lat' dir='ltr'>Sabbatum</span> <span class='ocrx_word' id='word_1_62' title='bbox 897 1366 1050 1437; x_wconf 86' lang='lat' dir='ltr'>sequeus.</span> <span class='ocrx_word' id='word_1_63' title='bbox 1158 1450 1163 1455; x_wconf 26' lang='grc' dir='ltr'>Ι</span> 
     </span>
    </p>
   </div>
   <div class='ocr_carea' id='block_1_4' title="bbox 769 1496 958 1581">
    <p class='ocr_par' dir='ltr' id='par_1_4' title="bbox 769 1496 958 1581">
     <span class='ocr_line' id='line_1_10' title="bbox 769 1496 958 1581; baseline 0.021 -25"><span class='ocrx_word' id='word_1_64' title='bbox 769 1496 835 1578; x_wconf 80' lang='lat'>(21.</span> <span class='ocrx_word' id='word_1_65' title='bbox 858 1497 958 1581; x_wconf 79' lang='lat' dir='ltr'>mair).</span> 
     </span>
    </p>
   </div>
   <div class='ocr_carea' id='block_1_5' title="bbox 234 1638 1503 2659">
    <p class='ocr_par' dir='ltr' id='par_1_5' title="bbox 234 1638 1503 2659">
     <span class='ocr_line' id='line_1_11' title="bbox 343 1638 1503 1722; baseline 0.001 -22"><span class='ocrx_word' id='word_1_66' title='bbox 343 1640 419 1701; x_wconf 89' lang='lat' dir='ltr'>Item</span> <span class='ocrx_word' id='word_1_67' title='bbox 447 1659 540 1701; x_wconf 86' lang='lat' dir='ltr'>causa</span> <span class='ocrx_word' id='word_1_68' title='bbox 566 1639 689 1702; x_wconf 87' lang='lat' dir='ltr'>Nicolai</span> <span class='ocrx_word' id='word_1_69' title='bbox 715 1638 863 1700; x_wconf 87' lang='lat' dir='ltr'>Delasich</span> <span class='ocrx_word' id='word_1_70' title='bbox 898 1652 928 1701; x_wconf 91' lang='lat' dir='ltr'>et</span> <span class='ocrx_word' id='word_1_71' title='bbox 953 1638 1070 1722; x_wconf 88' lang='lat' dir='ltr'>Mykch</span> <span class='ocrx_word' id='word_1_72' title='bbox 1097 1638 1248 1719; x_wconf 89' lang='lat' dir='ltr'>Magdich</span> <span class='ocrx_word' id='word_1_73' title='bbox 1272 1659 1328 1722; x_wconf 91' lang='lat' dir='ltr'>per</span> <span class='ocrx_word' id='word_1_74' title='bbox 1353 1640 1503 1721; x_wconf 89' lang='lat' dir='ltr'>antiquos</span> 
     </span>
     <span class='ocr_line' id='line_1_12' title="bbox 236 1743 1501 1827; baseline -0.002 -19"><span class='ocrx_word' id='word_1_75' title='bbox 236 1745 359 1827; x_wconf 83' lang='lat' dir='ltr'>judices</span> <span class='ocrx_word' id='word_1_76' title='bbox 382 1747 427 1807; x_wconf 89' lang='lat' dir='ltr'>sic</span> <span class='ocrx_word' id='word_1_77' title='bbox 449 1765 487 1807; x_wconf 90' lang='lat' dir='ltr'>eo</span> <span class='ocrx_word' id='word_1_78' title='bbox 511 1746 610 1808; x_wconf 91' lang='lat' dir='ltr'>modo</span> <span class='ocrx_word' id='word_1_79' title='bbox 628 1760 674 1808; x_wconf 89' lang='lat' dir='ltr'>est</span> <span class='ocrx_word' id='word_1_80' title='bbox 690 1745 840 1826; x_wconf 85' lang='lat' dir='ltr'>judicata,</span> <span class='ocrx_word' id='word_1_81' title='bbox 858 1745 946 1827; x_wconf 93' lang='lat' dir='ltr'>quod</span> <span class='ocrx_word' id='word_1_82' title='bbox 965 1746 1112 1807; x_wconf 88' lang='lat' dir='ltr'>universa</span> <span class='ocrx_word' id='word_1_83' title='bbox 1130 1743 1211 1807; x_wconf 85' lang='lat' dir='ltr'>facta</span> <span class='ocrx_word' id='word_1_84' title='bbox 1230 1745 1261 1806; x_wconf 92' lang='lat' dir='ltr'>in</span> <span class='ocrx_word' id='word_1_85' title='bbox 1280 1744 1370 1807; x_wconf 87' lang='lat' dir='ltr'>lactis</span> <span class='ocrx_word' id='word_1_86' title='bbox 1387 1746 1501 1807; x_wconf 88' lang='lat' dir='ltr'>merci-</span> 
     </span>
     <span class='ocr_line' id='line_1_13' title="bbox 235 1851 1500 1934; baseline 0.002 -22"><span class='ocrx_word' id='word_1_87' title='bbox 235 1852 353 1913; x_wconf 86' lang='lat' dir='ltr'><strong>moniis</strong></span> <span class='ocrx_word' id='word_1_88' title='bbox 377 1853 459 1914; x_wconf 89' lang='lat' dir='ltr'>inter</span> <span class='ocrx_word' id='word_1_89' title='bbox 483 1853 569 1934; x_wconf 88' lang='lat' dir='ltr'>ipsos</span> <span class='ocrx_word' id='word_1_90' title='bbox 591 1852 752 1914; x_wconf 85' lang='lat' dir='ltr'>ventilatis</span> <span class='ocrx_word' id='word_1_91' title='bbox 776 1871 878 1934; x_wconf 88' lang='lat' dir='ltr'>usque</span> <span class='ocrx_word' id='word_1_92' title='bbox 909 1851 949 1913; x_wconf 87' lang='lat' dir='ltr'>ad</span> <span class='ocrx_word' id='word_1_93' title='bbox 973 1851 1032 1913; x_wconf 91' lang='lat' dir='ltr'>hec</span> <span class='ocrx_word' id='word_1_94' title='bbox 1055 1864 1199 1934; x_wconf 86' lang='lat' dir='ltr'>tempora</span> <span class='ocrx_word' id='word_1_95' title='bbox 1232 1852 1393 1914; x_wconf 86' lang='lat' dir='ltr'>ventilatis</span> <span class='ocrx_word' id='word_1_96' title='bbox 1417 1851 1500 1914; x_wconf 87' lang='lat' dir='ltr'>inter</span> 
     </span>
     <span class='ocr_line' id='line_1_14' title="bbox 235 1957 1496 2042; baseline 0 -23"><span class='ocrx_word' id='word_1_97' title='bbox 235 1979 268 2021; x_wconf 88' lang='lat' dir='ltr'>se</span> <span class='ocrx_word' id='word_1_98' title='bbox 292 1958 520 2041; x_wconf 86' lang='lat' dir='ltr'>deposuerunt,</span> <span class='ocrx_word' id='word_1_99' title='bbox 538 1959 677 2042; x_wconf 82' lang='lat' dir='ltr'>exceptis</span> <span class='ocrx_word' id='word_1_100' title='bbox 698 1958 826 2040; x_wconf 86' lang='lat' dir='ltr'>triginta</span> <span class='ocrx_word' id='word_1_101' title='bbox 852 1957 920 2021; x_wconf 90' lang='lat' dir='ltr'>flor.</span> <span class='ocrx_word' id='word_1_102' title='bbox 938 1959 1006 2020; x_wconf 87' lang='lat' dir='ltr'>auri</span> <span class='ocrx_word' id='word_1_103' title='bbox 1024 1958 1130 2019; x_wconf 90' lang='lat' dir='ltr'>minus</span> <span class='ocrx_word' id='word_1_104' title='bbox 1146 1957 1284 2036; x_wconf 82' lang='lat' dir='ltr'>duobus,</span> <span class='ocrx_word' id='word_1_105' title='bbox 1309 1977 1391 2039; x_wconf 91' lang='lat' dir='ltr'>quos</span> <span class='ocrx_word' id='word_1_106' title='bbox 1409 1958 1496 2019; x_wconf 90' lang='lat' dir='ltr'>idem</span> 
     </span>
     <span class='ocr_line' id='line_1_15' title="bbox 237 2063 1494 2149; baseline -0.001 -22"><span class='ocrx_word' id='word_1_107' title='bbox 237 2066 352 2149; x_wconf 85' lang='lat' dir='ltr'>Mykch</span> <span class='ocrx_word' id='word_1_108' title='bbox 378 2066 463 2128; x_wconf 88' lang='lat' dir='ltr'>dicto</span> <span class='ocrx_word' id='word_1_109' title='bbox 488 2066 623 2128; x_wconf 90' lang='lat' dir='ltr'>Nicolao</span> <span class='ocrx_word' id='word_1_110' title='bbox 648 2086 749 2147; x_wconf 88' lang='lat' dir='ltr'>usque</span> <span class='ocrx_word' id='word_1_111' title='bbox 780 2063 896 2127; x_wconf 79' lang='lat' dir='ltr'>festum</span> <span class='ocrx_word' id='word_1_112' title='bbox 922 2065 1005 2127; x_wconf 90' lang='lat' dir='ltr'>beati</span> <span class='ocrx_word' id='word_1_113' title='bbox 1031 2065 1160 2127; x_wconf 87' lang='lat' dir='ltr'>Martini</span> <span class='ocrx_word' id='word_1_114' title='bbox 1193 2063 1384 2127; x_wconf 81' lang='lat' dir='ltr'>confessoris</span> <span class='ocrx_word' id='word_1_115' title='bbox 1409 2084 1494 2126; x_wconf 92' lang='lat' dir='ltr'>nunc</span> 
     </span>
     <span class='ocr_line' id='line_1_16' title="bbox 234 2169 1496 2254; baseline 0.001 -23"><span class='ocrx_word' id='word_1_116' title='bbox 234 2185 403 2235; x_wconf 85' lang='lat' dir='ltr'>venturum</span> <span class='ocrx_word' id='word_1_117' title='bbox 435 2175 555 2254; x_wconf 83' lang='lat' dir='ltr'><strong>absque</strong></span> <span class='ocrx_word' id='word_1_118' title='bbox 586 2173 694 2254; x_wconf 87' lang='lat' dir='ltr'>aliqua</span> <span class='ocrx_word' id='word_1_119' title='bbox 724 2172 779 2235; x_wconf 92' lang='lat' dir='ltr'>lite</span> <span class='ocrx_word' id='word_1_120' title='bbox 811 2172 935 2234; x_wconf 84' lang='lat' dir='ltr'>solvere</span> <span class='ocrx_word' id='word_1_121' title='bbox 967 2171 1079 2248; x_wconf 82' lang='lat' dir='ltr'>debet3</span> <span class='ocrx_word' id='word_1_122' title='bbox 1111 2169 1173 2232; x_wconf 91' lang='lat' dir='ltr'>hoc</span> <span class='ocrx_word' id='word_1_123' title='bbox 1197 2171 1299 2232; x_wconf 90' lang='lat' dir='ltr'>eciam</span> <span class='ocrx_word' id='word_1_124' title='bbox 1323 2169 1496 2251; x_wconf 87' lang='lat' dir='ltr'>declarat0,</span> 
     </span>
     <span class='ocr_line' id='line_1_17' title="bbox 235 2275 1496 2361; baseline -0.002 -22"><span class='ocrx_word' id='word_1_125' title='bbox 235 2278 323 2359; x_wconf 94' lang='lat' dir='ltr'>quod</span> <span class='ocrx_word' id='word_1_126' title='bbox 360 2279 426 2361; x_wconf 91' lang='lat' dir='ltr'>ipse</span> <span class='ocrx_word' id='word_1_127' title='bbox 462 2279 614 2341; x_wconf 88' lang='lat' dir='ltr'>Nicolaus</span> <span class='ocrx_word' id='word_1_128' title='bbox 660 2278 780 2340; x_wconf 90' lang='lat' dir='ltr'>dictum</span> <span class='ocrx_word' id='word_1_129' title='bbox 813 2276 929 2360; x_wconf 88' lang='lat' dir='ltr'>Mykch</span> <span class='ocrx_word' id='word_1_130' title='bbox 968 2279 1000 2339; x_wconf 94' lang='lat' dir='ltr'>in</span> <span class='ocrx_word' id='word_1_131' title='bbox 1041 2277 1242 2359; x_wconf 88' lang='lat' dir='ltr'>aquisicione</span> <span class='ocrx_word' id='word_1_132' title='bbox 1281 2275 1496 2358; x_wconf 86' lang='lat' dir='ltr'>quarumdam</span> 
     </span>
     <span class='ocr_line' id='line_1_18' title="bbox 235 2383 1493 2467; baseline -0.002 -22"><span class='ocrx_word' id='word_1_133' title='bbox 235 2384 346 2446; x_wconf 88' lang='lat' dir='ltr'>ovium</span> <span class='ocrx_word' id='word_1_134' title='bbox 370 2404 443 2446; x_wconf 90' lang='lat' dir='ltr'>cum</span> <span class='ocrx_word' id='word_1_135' title='bbox 475 2385 620 2467; x_wconf 84' lang='lat' dir='ltr'>expensis</span> <span class='ocrx_word' id='word_1_136' title='bbox 652 2384 803 2464; x_wconf 85' lang='lat' dir='ltr'>adjuvare</span> <span class='ocrx_word' id='word_1_137' title='bbox 834 2385 1015 2466; x_wconf 83' lang='lat' dir='ltr'>assumpsit,</span> <span class='ocrx_word' id='word_1_138' title='bbox 1040 2397 1070 2444; x_wconf 90' lang='lat' dir='ltr'>et</span> <span class='ocrx_word' id='word_1_139' title='bbox 1102 2383 1180 2465; x_wconf 91' lang='lat' dir='ltr'>quid</span> <span class='ocrx_word' id='word_1_140' title='bbox 1205 2383 1347 2464; x_wconf 89' lang='lat' dir='ltr'>deipsis</span> <span class='ocrx_word' id='word_1_141' title='bbox 1377 2383 1493 2444; x_wconf 89' lang='lat' dir='ltr'>ovibus</span> 
     </span>
     <span class='ocr_line' id='line_1_19' title="bbox 235 2486 1493 2573; baseline -0.002 -23"><span class='ocrx_word' id='word_1_142' title='bbox 235 2491 442 2570; x_wconf 86' lang='lat' dir='ltr'>requirerent,</span> <span class='ocrx_word' id='word_1_143' title='bbox 466 2504 581 2554; x_wconf 84' lang='lat' dir='ltr'>extunc</span> <span class='ocrx_word' id='word_1_144' title='bbox 610 2491 669 2573; x_wconf 91' lang='lat' dir='ltr'>ipsi</span> <span class='ocrx_word' id='word_1_145' title='bbox 702 2490 854 2552; x_wconf 90' lang='lat' dir='ltr'>Nicolaus</span> <span class='ocrx_word' id='word_1_146' title='bbox 887 2504 918 2551; x_wconf 90' lang='lat' dir='ltr'>et</span> <span class='ocrx_word' id='word_1_147' title='bbox 942 2488 1049 2551; x_wconf 87' lang='lat' dir='ltr'>Mikch</span> <span class='ocrx_word' id='word_1_148' title='bbox 1081 2488 1238 2570; x_wconf 80' lang='lat' dir='ltr'>equaliter</span> <span class='ocrx_word' id='word_1_149' title='bbox 1269 2487 1412 2549; x_wconf 85' lang='lat' dir='ltr'>dividere</span> <span class='ocrx_word' id='word_1_150' title='bbox 1438 2486 1493 2547; x_wconf 90' lang='lat' dir='ltr'>de·</span> 
     </span>
     <span class='ocr_line' id='line_1_20' title="bbox 234 2596 365 2659; baseline 0.023 -3"><span class='ocrx_word' id='word_1_151' title='bbox 234 2596 365 2659; x_wconf 90' lang='lat' dir='ltr'>bebunt.</span> 
     </span>
    </p>
   </div>
   <div class='ocr_carea' id='block_1_6' title="bbox 365 2811 1375 2905">
    <p class='ocr_par' dir='ltr' id='par_1_6' title="bbox 365 2811 1375 2905">
     <span class='ocr_line' id='line_1_21' title="bbox 365 2811 1375 2905; baseline -0.003 -18"><span class='ocrx_word' id='word_1_152' title='bbox 365 2813 461 2887; x_wconf 80' lang='lat' dir='ltr'>Faria</span> <span class='ocrx_word' id='word_1_153' title='bbox 490 2823 589 2887; x_wconf 82' lang='lat' dir='ltr'>sexta</span> <span class='ocrx_word' id='word_1_154' title='bbox 616 2818 771 2905; x_wconf 84' lang='lat' dir='ltr'>proxima</span> <span class='ocrx_word' id='word_1_155' title='bbox 798 2822 875 2905; x_wconf 86' lang='lat' dir='ltr'>post</span> <span class='ocrx_word' id='word_1_156' title='bbox 902 2814 1026 2886; x_wconf 83' lang='lat' dir='ltr'>festum</span> <span class='ocrx_word' id='word_1_157' title='bbox 1055 2811 1211 2902; x_wconf 82' lang='lat' dir='ltr'>Corporis</span> <span class='ocrx_word' id='word_1_158' title='bbox 1240 2811 1375 2885; x_wconf 86' lang='lat' dir='ltr'>Christi.</span> 
     </span>
    </p>
   </div>
   <div class='ocr_carea' id='block_1_7' title="bbox 233 2967 1500 3298">
    <p class='ocr_par' dir='ltr' id='par_1_7' title="bbox 233 2967 1500 3298">
     <span class='ocr_line' id='line_1_22' title="bbox 781 2967 952 3050; baseline 0.023 -23"><span class='ocrx_word' id='word_1_159' title='bbox 781 2967 826 3049; x_wconf 74' lang='lat'>(3.</span> <span class='ocrx_word' id='word_1_160' title='bbox 841 2967 952 3050; x_wconf 70' lang='lat' dir='ltr'>justit).</span> 
     </span>
     <span class='ocr_line' id='line_1_23' title="bbox 339 3107 1500 3190; baseline -0.003 -19"><span class='ocrx_word' id='word_1_161' title='bbox 339 3110 416 3172; x_wconf 89' lang='lat' dir='ltr'>ltem</span> <span class='ocrx_word' id='word_1_162' title='bbox 452 3109 628 3190; x_wconf 83' lang='lat' dir='ltr'>Gregorius</span> <span class='ocrx_word' id='word_1_163' title='bbox 659 3110 845 3172; x_wconf 88' lang='lat' dir='ltr'>tributarius</span> <span class='ocrx_word' id='word_1_164' title='bbox 876 3123 985 3172; x_wconf 90' lang='lat' dir='ltr'>contra</span> <span class='ocrx_word' id='word_1_165' title='bbox 1018 3107 1216 3190; x_wconf 88' lang='lat' dir='ltr'>Stephanum</span> <span class='ocrx_word' id='word_1_166' title='bbox 1249 3107 1354 3190; x_wconf 88' lang='lat' dir='ltr'>primo</span> <span class='ocrx_word' id='word_1_167' title='bbox 1386 3107 1500 3169; x_wconf 91' lang='lat' dir='ltr'>citatus</span> 
     </span>
     <span class='ocr_line' id='line_1_24' title="bbox 233 3216 512 3298; baseline 0.004 -22"><span class='ocrx_word' id='word_1_168' title='bbox 233 3234 297 3276; x_wconf 90' lang='lat' dir='ltr'>non</span> <span class='ocrx_word' id='word_1_169' title='bbox 324 3216 512 3298; x_wconf 86' lang='lat' dir='ltr'>comparuit.</span> 
     </span>
    </p>
   </div>
   <div class='ocr_carea' id='block_1_8' title="bbox 234 3337 1497 3530">
    <p class='ocr_par' dir='ltr' id='par_1_8' title="bbox 234 3337 1497 3530">
     <span class='ocr_line' id='line_1_25' title="bbox 340 3337 1497 3420; baseline -0.002 -19"><span class='ocrx_word' id='word_1_170' title='bbox 340 3340 417 3401; x_wconf 87' lang='lat' dir='ltr'>ltem</span> <span class='ocrx_word' id='word_1_171' title='bbox 443 3341 554 3402; x_wconf 87' lang='lat' dir='ltr'>Petrus</span> <span class='ocrx_word' id='word_1_172' title='bbox 578 3356 608 3402; x_wconf 93' lang='lat' dir='ltr'>et</span> <span class='ocrx_word' id='word_1_173' title='bbox 633 3340 746 3404; x_wconf 84' lang='lat' dir='ltr'>Gallus</span> <span class='ocrx_word' id='word_1_174' title='bbox 769 3353 905 3401; x_wconf 86' lang='lat' dir='ltr'>sartores</span> <span class='ocrx_word' id='word_1_175' title='bbox 936 3352 1046 3400; x_wconf 88' lang='lat' dir='ltr'>contra</span> <span class='ocrx_word' id='word_1_176' title='bbox 1072 3337 1272 3420; x_wconf 88' lang='lat' dir='ltr'>Stephanum</span> <span class='ocrx_word' id='word_1_177' title='bbox 1304 3337 1497 3399; x_wconf 85' lang='lat' dir='ltr'>secundario</span> 
     </span>
     <span class='ocr_line' id='line_1_26' title="bbox 234 3448 694 3530; baseline 0 -21"><span class='ocrx_word' id='word_1_178' title='bbox 234 3448 317 3510; x_wconf 85' lang='lat' dir='ltr'>citati</span> <span class='ocrx_word' id='word_1_179' title='bbox 345 3467 411 3509; x_wconf 89' lang='lat' dir='ltr'>non</span> <span class='ocrx_word' id='word_1_180' title='bbox 436 3461 694 3530; x_wconf 88' lang='lat' dir='ltr'>comparuerunt.</span> 
     </span>
    </p>
   </div>
   <div class='ocr_carea' id='block_1_9' title="bbox 233 3568 1498 4609">
    <p class='ocr_par' dir='ltr' id='par_1_9' title="bbox 233 3568 1498 3761">
     <span class='ocr_line' id='line_1_27' title="bbox 340 3568 1498 3655; baseline -0.003 -23"><span class='ocrx_word' id='word_1_181' title='bbox 340 3573 417 3633; x_wconf 89' lang='lat' dir='ltr'>ltem</span> <span class='ocrx_word' id='word_1_182' title='bbox 444 3572 624 3655; x_wconf 89' lang='lat' dir='ltr'>Stephanus</span> <span class='ocrx_word' id='word_1_183' title='bbox 649 3571 769 3653; x_wconf 83' lang='lat' dir='ltr'>juratus</span> <span class='ocrx_word' id='word_1_184' title='bbox 794 3586 824 3632; x_wconf 92' lang='lat' dir='ltr'>et</span> <span class='ocrx_word' id='word_1_185' title='bbox 842 3568 971 3651; x_wconf 87' lang='lat' dir='ltr'>Mathey</span> <span class='ocrx_word' id='word_1_186' title='bbox 996 3581 1106 3630; x_wconf 87' lang='lat' dir='ltr'>contra</span> <span class='ocrx_word' id='word_1_187' title='bbox 1131 3568 1325 3650; x_wconf 81' lang='lat' dir='ltr'>Gregorium</span> <span class='ocrx_word' id='word_1_188' title='bbox 1343 3568 1498 3651; x_wconf 87' lang='lat' dir='ltr'>voyschar</span> 
     </span>
     <span class='ocr_line' id='line_1_28' title="bbox 233 3679 818 3761; baseline 0.002 -22"><span class='ocrx_word' id='word_1_189' title='bbox 233 3680 337 3761; x_wconf 90' lang='lat' dir='ltr'>primo</span> <span class='ocrx_word' id='word_1_190' title='bbox 362 3679 447 3740; x_wconf 88' lang='lat' dir='ltr'>citati</span> <span class='ocrx_word' id='word_1_191' title='bbox 471 3699 535 3740; x_wconf 93' lang='lat' dir='ltr'>non</span> <span class='ocrx_word' id='word_1_192' title='bbox 561 3691 818 3761; x_wconf 87' lang='lat' dir='ltr'>comparuerunt.</span> 
     </span>
    </p>

    <p class='ocr_par' dir='ltr' id='par_1_10' title="bbox 233 3779 1495 3973">
     <span class='ocr_line' id='line_1_29' title="bbox 339 3779 1495 3863; baseline -0.003 -19"><span class='ocrx_word' id='word_1_193' title='bbox 339 3785 416 3846; x_wconf 86' lang='lat' dir='ltr'>Item</span> <span class='ocrx_word' id='word_1_194' title='bbox 449 3786 567 3847; x_wconf 89' lang='lat' dir='ltr'>Paulus</span> <span class='ocrx_word' id='word_1_195' title='bbox 597 3798 707 3848; x_wconf 85' lang='lat' dir='ltr'>contra</span> <span class='ocrx_word' id='word_1_196' title='bbox 739 3783 918 3846; x_wconf 85' lang='lat' dir='ltr'>lohannem</span> <span class='ocrx_word' id='word_1_197' title='bbox 951 3779 1122 3863; x_wconf 88' lang='lat' dir='ltr'>pellificem</span> <span class='ocrx_word' id='word_1_198' title='bbox 1155 3781 1260 3863; x_wconf 91' lang='lat' dir='ltr'>primo</span> <span class='ocrx_word' id='word_1_199' title='bbox 1293 3781 1406 3843; x_wconf 88' lang='lat' dir='ltr'>citatus</span> <span class='ocrx_word' id='word_1_200' title='bbox 1431 3800 1495 3842; x_wconf 93' lang='lat' dir='ltr'>non</span> 
     </span>
     <span class='ocr_line' id='line_1_30' title="bbox 233 3892 423 3973; baseline 0.011 -22"><span class='ocrx_word' id='word_1_201' title='bbox 233 3892 423 3973; x_wconf 86' lang='lat' dir='ltr'>comparuit.</span> 
     </span>
    </p>

    <p class='ocr_par' dir='ltr' id='par_1_11' title="bbox 233 3991 1497 4183">
     <span class='ocr_line' id='line_1_31' title="bbox 342 3991 1497 4078; baseline -0.006 -21"><span class='ocrx_word' id='word_1_202' title='bbox 342 3996 420 4059; x_wconf 89' lang='lat' dir='ltr'>ltem</span> <span class='ocrx_word' id='word_1_203' title='bbox 445 4018 538 4059; x_wconf 88' lang='lat' dir='ltr'>causa</span> <span class='ocrx_word' id='word_1_204' title='bbox 563 3998 673 4059; x_wconf 86' lang='lat' dir='ltr'>Jacobi</span> <span class='ocrx_word' id='word_1_205' title='bbox 698 4010 807 4059; x_wconf 90' lang='lat' dir='ltr'>contra</span> <span class='ocrx_word' id='word_1_206' title='bbox 832 3998 896 4058; x_wconf 88' lang='lat' dir='ltr'>Res</span> <span class='ocrx_word' id='word_1_207' title='bbox 928 4017 1029 4078; x_wconf 91' lang='lat' dir='ltr'>usque</span> <span class='ocrx_word' id='word_1_208' title='bbox 1057 4008 1129 4058; x_wconf 90' lang='lat' dir='ltr'>octo</span> <span class='ocrx_word' id='word_1_209' title='bbox 1160 3994 1227 4054; x_wconf 88' lang='lat' dir='ltr'>dies</span> <span class='ocrx_word' id='word_1_210' title='bbox 1250 3991 1290 4053; x_wconf 85' lang='lat' dir='ltr'>ad</span> <span class='ocrx_word' id='word_1_211' title='bbox 1315 4010 1426 4073; x_wconf 87' lang='lat' dir='ltr'>pacem</span> <span class='ocrx_word' id='word_1_212' title='bbox 1451 4003 1497 4051; x_wconf 91' lang='lat' dir='ltr'>est</span> 
     </span>
     <span class='ocr_line' id='line_1_32' title="bbox 233 4101 774 4183; baseline -0.004 -20"><span class='ocrx_word' id='word_1_213' title='bbox 233 4118 368 4183; x_wconf 86' lang='lat' dir='ltr'>recepta.</span> <span class='ocrx_word' id='word_1_214' title='bbox 766 4101 774 4115; x_wconf 82' lang='lat'><em>⁰</em></span> 
     </span>
    </p>

    <p class='ocr_par' dir='ltr' id='par_1_12' title="bbox 233 4205 1496 4378">
     <span class='ocr_line' id='line_1_33' title="bbox 340 4205 1496 4290; baseline -0.005 -19"><span class='ocrx_word' id='word_1_215' title='bbox 340 4210 417 4271; x_wconf 88' lang='lat' dir='ltr'>ltem</span> <span class='ocrx_word' id='word_1_216' title='bbox 437 4210 581 4271; x_wconf 89' lang='lat' dir='ltr'>Thomas</span> <span class='ocrx_word' id='word_1_217' title='bbox 598 4222 707 4270; x_wconf 88' lang='lat' dir='ltr'>contra</span> <span class='ocrx_word' id='word_1_218' title='bbox 725 4209 881 4270; x_wconf 75' lang='lat' dir='ltr'>iacobum</span> <span class='ocrx_word' id='word_1_219' title='bbox 897 4208 1075 4290; x_wconf 88' lang='lat' dir='ltr'>predictum</span> <span class='ocrx_word' id='word_1_220' title='bbox 1094 4220 1188 4269; x_wconf 91' lang='lat' dir='ltr'>testes</span> <span class='ocrx_word' id='word_1_221' title='bbox 1204 4206 1381 4288; x_wconf 91' lang='lat' dir='ltr'>producere</span> <span class='ocrx_word' id='word_1_222' title='bbox 1401 4205 1496 4266; x_wconf 90' lang='lat' dir='ltr'>debet</span> 
     </span>
     <span class='ocr_line' id='line_1_34' title="bbox 233 4315 439 4378; baseline 0.005 -1"><span class='ocrx_word' id='word_1_223' title='bbox 233 4329 348 4377; x_wconf 86' lang='lat' dir='ltr'>octavo</span> <span class='ocrx_word' id='word_1_224' title='bbox 377 4315 439 4378; x_wconf 86' lang='lat' dir='ltr'>die.</span> 
     </span>
    </p>

    <p class='ocr_par' dir='ltr' id='par_1_13' title="bbox 340 4419 1495 4504">
     <span class='ocr_line' id='line_1_35' title="bbox 340 4419 1495 4504; baseline -0.004 -22"><span class='ocrx_word' id='word_1_225' title='bbox 340 4422 419 4483; x_wconf 91' lang='lat' dir='ltr'>ltem</span> <span class='ocrx_word' id='word_1_226' title='bbox 444 4441 538 4483; x_wconf 86' lang='lat' dir='ltr'>causa</span> <span class='ocrx_word' id='word_1_227' title='bbox 563 4421 709 4504; x_wconf 84' lang='lat' dir='ltr'>Mathyas</span> <span class='ocrx_word' id='word_1_228' title='bbox 732 4433 842 4482; x_wconf 89' lang='lat' dir='ltr'>contra</span> <span class='ocrx_word' id='word_1_229' title='bbox 872 4419 1056 4481; x_wconf 90' lang='lat' dir='ltr'>Emericum</span> <span class='ocrx_word' id='word_1_230' title='bbox 1087 4420 1128 4481; x_wconf 87' lang='lat' dir='ltr'>ad</span> <span class='ocrx_word' id='word_1_231' title='bbox 1152 4438 1264 4502; x_wconf 92' lang='lat' dir='ltr'>pacem</span> <span class='ocrx_word' id='word_1_232' title='bbox 1288 4430 1335 4479; x_wconf 87' lang='lat' dir='ltr'>est</span> <span class='ocrx_word' id='word_1_233' title='bbox 1358 4432 1495 4498; x_wconf 85' lang='lat' dir='ltr'>recepta.</span> 
     </span>
    </p>

    <p class='ocr_par' dir='ltr' id='par_1_14' title="bbox 340 4522 1450 4609">
     <span class='ocr_line' id='line_1_36' title="bbox 340 4522 1450 4609; baseline -0.005 -20"><span class='ocrx_word' id='word_1_234' title='bbox 340 4529 417 4590; x_wconf 91' lang='lat' dir='ltr'>ltem</span> <span class='ocrx_word' id='word_1_235' title='bbox 443 4530 551 4590; x_wconf 87' lang='lat' dir='ltr'>Marco</span> <span class='ocrx_word' id='word_1_236' title='bbox 576 4541 685 4590; x_wconf 87' lang='lat' dir='ltr'>contra</span> <span class='ocrx_word' id='word_1_237' title='bbox 709 4526 869 4609; x_wconf 82' lang='lat' dir='ltr'>Agatham</span> <span class='ocrx_word' id='word_1_238' title='bbox 899 4525 1004 4609; x_wconf 90' lang='lat' dir='ltr'>primo</span> <span class='ocrx_word' id='word_1_239' title='bbox 1033 4526 1147 4589; x_wconf 88' lang='lat' dir='ltr'>citatus</span> <span class='ocrx_word' id='word_1_240' title='bbox 1170 4544 1235 4586; x_wconf 92' lang='lat' dir='ltr'>non</span> <span class='ocrx_word' id='word_1_241' title='bbox 1261 4522 1450 4605; x_wconf 86' lang='lat' dir='ltr'>comparuit.</span> 
     </span>
    </p>
   </div>
   <div class='ocr_carea' id='block_1_10' title="bbox 236 4646 1495 4841">
    <p class='ocr_par' dir='ltr' id='par_1_15' title="bbox 236 4646 1495 4841">
     <span class='ocr_line' id='line_1_37' title="bbox 342 4646 1495 4735; baseline -0.006 -21"><span class='ocrx_word' id='word_1_242' title='bbox 342 4653 419 4714; x_wconf 88' lang='lat' dir='ltr'>ltem</span> <span class='ocrx_word' id='word_1_243' title='bbox 444 4672 500 4735; x_wconf 89' lang='lat' dir='ltr'>per</span> <span class='ocrx_word' id='word_1_244' title='bbox 525 4652 664 4715; x_wconf 89' lang='lat' dir='ltr'>eundern</span> <span class='ocrx_word' id='word_1_245' title='bbox 681 4651 851 4713; x_wconf 89' lang='lat' dir='ltr'>dominum</span> <span class='ocrx_word' id='word_1_246' title='bbox 868 4648 1048 4714; x_wconf 78' lang='lat' dir='ltr'>iohannem</span> <span class='ocrx_word' id='word_1_247' title='bbox 1073 4649 1212 4731; x_wconf 85' lang='lat' dir='ltr'>judicem</span> <span class='ocrx_word' id='word_1_248' title='bbox 1229 4660 1260 4711; x_wconf 84' lang='lat' dir='ltr'>et</span> <span class='ocrx_word' id='word_1_249' title='bbox 1284 4648 1352 4709; x_wconf 88' lang='lat' dir='ltr'>eius</span> <span class='ocrx_word' id='word_1_250' title='bbox 1376 4646 1495 4728; x_wconf 82' lang='lat' dir='ltr'>juratos</span> 
     </span>
     <span class='ocr_line' id='line_1_38' title="bbox 236 4752 1495 4841; baseline -0.006 -19"><span class='ocrx_word' id='word_1_251' title='bbox 236 4773 282 4824; x_wconf 87' lang='lat' dir='ltr'>est</span> <span class='ocrx_word' id='word_1_252' title='bbox 306 4759 470 4824; x_wconf 88' lang='lat' dir='ltr'>decretum</span> <span class='ocrx_word' id='word_1_253' title='bbox 495 4772 526 4821; x_wconf 91' lang='lat' dir='ltr'>et</span> <span class='ocrx_word' id='word_1_254' title='bbox 548 4772 713 4839; x_wconf 87' lang='lat' dir='ltr'>statutum,</span> <span class='ocrx_word' id='word_1_255' title='bbox 737 4757 825 4841; x_wconf 93' lang='lat' dir='ltr'>quod</span> <span class='ocrx_word' id='word_1_256' title='bbox 850 4756 958 4820; x_wconf 89' lang='lat' dir='ltr'>nullus</span> <span class='ocrx_word' id='word_1_257' title='bbox 982 4755 1149 4820; x_wconf 90' lang='lat' dir='ltr'>hominum</span> <span class='ocrx_word' id='word_1_258' title='bbox 1175 4769 1398 4818; x_wconf 78' lang='lat' dir='ltr'>extraneorum</span> <span class='ocrx_word' id='word_1_259' title='bbox 1422 4752 1495 4835; x_wconf 91' lang='lat' dir='ltr'>plus</span> 
     </span>
    </p>
   </div>
   <div class='ocr_carea' id='block_1_11' title="bbox 0 0 1740 5234">
    <p class='ocr_par' dir='ltr' id='par_1_16' title="bbox 0 0 1740 5234">
     <span class='ocr_line' id='line_1_39' title="bbox 0 0 1740 5234; baseline 0 3"><span class='ocrx_word' id='word_1_260' title='bbox 0 0 1740 5234; x_wconf 95' lang='lat' dir='ltr'> </span> 
     </span>
    </p>
   </div>
  </div>
 </body>
</html>
