3472 5234
256 311 315 372 134
659 291 859 372 Ann01378.
884 330 927 339 —
951 310 980 357 1.
996 297 1090 372 junii.

250 505 342 566 cione
367 505 584 586 quorumdam
609 505 814 568 denariorum
839 508 968 569 cuidam
984 506 1109 569 homini
1134 507 1256 569 desub
1281 522 1384 570 castro
1410 509 1515 571 Kerka

250 631 306 691 per
330 612 431 673 Hans.

355 717 434 780 Item
459 736 553 781 causa
578 717 733 780 Iohannis
764 718 822 780 tilii
852 719 985 800 bogdan
1017 692 1213 801 et'magistri
1239 720 1323 782 Petri
1347 720 1405 783 filii
1430 721 1515 784 Mar·

249 823 308 884 tini
334 823 373 884 de
396 823 528 906 Chechy
553 837 599 886 est
622 825 662 886 ad
681 823 793 887 feriam
817 839 936 887 sextam
954 825 1133 909 proximam
1150 839 1223 907 post
1239 824 1355 888 festum
1380 827 1517 888 Penthe-

249 942 352 991 costes
376 943 547 1012 prorogata
570 930 626 992 tali
651 931 761 1009 modo,
786 932 875 1013 quod
898 930 926 995 si
952 929 1207 994 satisfaccionem
1232 932 1337 995 eidem
1362 933 1515 1014 magistro

250 1035 344 1097 Petro
370 1035 534 1117 inpendet,
552 1038 634 1098 bene
651 1037 796 1118 quidem,
812 1038 958 1119 alloquin
982 1037 1141 1119 justiciam
1164 1036 1319 1100 faciemus
1344 1038 1383 1100 de
1400 1038 1515 1099 eodem

250 1155 347 1224 prout
370 1143 467 1223 exigit
490 1142 570 1204 ordo
595 1143 681 1224 juris.

355 1249 433 1310 Item
458 1268 551 1310 causa
577 1247 678 1311 Curse
703 1263 734 1311 et
758 1249 890 1331 Georgii
915 1263 962 1311 est
988 1269 1044 1332 per
1068 1262 1165 1311 testes
1188 1248 1228 1310 ad
1253 1247 1366 1310 feriam
1390 1263 1511 1310 sextam

247 1369 320 1436 post
344 1355 570 1417 Penthecostes
593 1369 718 1437 recepta
743 1357 783 1417 ad
808 1374 930 1438 pacem.

356 1461 433 1522 Item
459 1460 619 1543 Georgius
635 1473 736 1523 sartor
752 1475 862 1523 contra
887 1461 1055 1522 dominum
1074 1461 1098 1521 F
1101 1460 1220 1522 rancha
1235 1461 1377 1523 secundo
1402 1461 1516 1522 citatus

249 1585 314 1627 non
340 1567 530 1648 comparuit.

353 1672 432 1733 Item
457 1671 617 1753 Georgius
645 1673 758 1734 Marko
776 1670 897 1733 Gemez
913 1686 986 1733 octo
1010 1692 1133 1734 marcas
1155 1672 1362 1734 denariorum
1380 1672 1413 1733 in
1431 1671 1513 1734 festo

249 1778 332 1838 beati
359 1778 487 1838 MartIni
520 1776 711 1839 confessoris
741 1796 825 1838 nunc
858 1778 1001 1859 proxime
1034 1791 1170 1839 venturo
1202 1778 1383 1859 persolvere
1416 1777 1515 1840 debet

247 1884 305 1943 sub
327 1902 408 1964 pena
426 1883 602 1944 solucionis
626 1883 736 1946 dec'em
763 1883 877 1944 marcis
897 1884 1115 1962 denariorum,
1139 1885 1279 1966 exceptis
1302 1884 1457 1946 tredecim
1481 1897 1513 1945 et

247 1988 354 2049 media
380 1989 486 2070 pensis
510 1989 726 2051 denariorum.

354 2095 432 2156 Item
457 2094 604 2178 Mychael
629 2095 788 2178 Damyani
814 2114 915 2175 usque
932 2096 1072 2177 primum
1094 2095 1249 2175 judicium
1274 2096 1313 2156 de
1338 2115 1394 2156 sua
1411 2115 1511 2158 uxore

246 2199 404 2280 Dragiche
430 2200 557 2262 mulieri
582 2200 739 2281 justiciam
764 2199 867 2262 facere
891 2200 997 2262 debet.

353 2306 432 2367 Item
460 2307 583 2388 Symon
609 2308 640 2367 in
665 2306 811 2388 predicto
834 2325 893 2367 suo
917 2306 1104 2367 testimonio
1136 2305 1253 2368 defecit
1277 2306 1353 2387 quia
1377 2326 1510 2368 uxorem

246 2411 382 2472 Vidonis
406 2424 544 2473 statuere
569 2432 633 2473 non
659 2412 764 2494 potuit
788 2431 847 2473 nec
871 2411 1073 2494 Mychaelem
1097 2425 1262 2475 sartorem.

351 2517 429 2579 Item
455 2537 548 2579 causa
574 2518 727 2600 Symonis
751 2531 782 2578 et
806 2517 932 2578 Nicolai
967 2534 1013 2578 est
1037 2537 1093 2599 per
1117 2532 1212 2579 testes
1236 2518 1275 2578 ad
1299 2518 1441 2600 primum
1463 2517 1512 2599 ju·

246 2621 366 2684 dicium
390 2639 516 2705 recepta
542 2624 581 2684 ad
607 2644 730 2706 pacem.

351 2729 429 2791 Item
458 2729 642 2791 Alexander
674 2729 809 2790 domino
841 2729 966 2790 custodi
1006 2729 1239 2809 quinquaginta
1272 2729 1342 2791 flor.
1375 2731 1444 2791 auri
1478 2731 1511 2791 in

244 2833 417 2914 quindenis
441 2835 624 2916 persolvere
649 2834 755 2896 debet.
1332 2825 1335 2828 ’

351 2940 427 3001 Item
450 2941 607 3001 Martinus
631 2954 741 3001 contra
770 2940 950 3001 Iohannem
983 2939 1100 3001 Lieber
1130 2939 1273 3001 secundo
1298 2941 1412 3002 citatus
1445 2959 1510 3001 non

244 3060 434 3126 comparuit.

351 3150 428 3212 Item
465 3151 648 3212 Anthonius
679 3152 781 3212 Reniz
813 3167 923 3213 contra
955 3152 1118 3213 Andream
1154 3152 1258 3232 primo
1298 3153 1412 3213 citatus
1444 3172 1510 3214 non

245 3259 436 3338 comparuit.

349 3363 426 3423 Item
452 3364 527 3443 quia
552 3363 704 3425 Nicolaus
729 3363 889 3425 aurifaber
910 3365 950 3424 ad
975 3364 1153 3426 Janslinum
1173 3361 1370 3425 aurifabrum
1394 3378 1509 3445 poten·

243 3466 410 3530 cionaliter
435 3470 573 3530 venisset
598 3483 628 3530 et
652 3471 791 3550 quadam
822 3471 906 3531 mala
938 3471 1138 3547 exercuisset,
1171 3489 1247 3549 ergo
1271 3483 1318 3531 est
1342 3470 1509 3532 convictus

244 3574 274 3633 in
288 3573 317 3633 X
334 3564 466 3649 marcis3
484 3589 515 3635 et
531 3575 606 3654 quia
625 3575 729 3655 ipsum
753 3576 981 3656 vituperaverit
998 3575 1103 3636 eidem
1121 3575 1265 3635 lanslino
1283 3576 1315 3635 in
1333 3574 1506 3655 qulndenis

243 3698 340 3739 unam
365 3698 504 3740 marcam
528 3680 688 3761 persolvet
712 3695 742 3743 et
765 3681 863 3762 judici
888 3683 1029 3743 mediam
1054 3701 1205 3742 marcam.

350 3783 426 3844 Item
452 3784 542 3845 Hans
565 3785 756 3847 Carintheus
780 3801 811 3847 et
827 3786 1003 3866 Gregorius
1026 3787 1101 3866 quia
1126 3787 1158 3847 in
1183 3787 1352 3848 latrocinio
1377 3785 1508 3848 fuerunt

243 3890 388 3970 Inprimis
414 3891 541 3971 reperti,
566 3910 642 3970 ergo
668 3891 707 3952 de
732 3892 858 3952 civitate
887 3892 1021 3973 turpiter
1045 3891 1163 3952 debent
1187 3892 1317 3972 depelli,
1342 3906 1372 3952 et
1397 3892 1504 3953 eidem

243 3994 332 4055 Hans
357 3995 500 4055 auricula
524 3997 644 4058 abscidi
678 3997 784 4074 debet,
818 3996 996 4078 Gregorius
1019 4011 1127 4057 autem
1161 3998 1243 4058 duos
1266 3995 1352 4057 fures
1375 4017 1508 4079 suspen-

242 4099 316 4160 dere
334 4100 440 4177 debet‚
465 4115 495 4162 et
513 4121 679 4182 uunquam
698 4103 817 4165 debent
833 4103 873 4163 ad
892 4103 1053 4164 civitatem
1070 4103 1195 4181 reverti,
1214 4115 1248 4164 ut
1272 4103 1349 4163 dum
1366 4104 1507 4185 primum

242 4205 274 4264 in
299 4206 428 4267 civitate
454 4209 568 4288 reperti
594 4205 722 4285 fuerint,
748 4209 899 4289 suspendi
924 4208 1088 4269 debebunt
1111 4228 1150 4269 eo
1175 4207 1268 4270 facto.

347 4311 424 4372 Item
450 4312 646 4373 Laurencius
670 4327 780 4374 contra
805 4313 1005 4394 Stephanum
1030 4312 1168 4392 juratum
1192 4333 1225 4373 se
1249 4315 1366 4374 tercius
1390 4313 1508 4393 jurabit

242 4414 319 4478 feria
344 4432 430 4478 sexta
448 4419 593 4498 proxIma
618 4434 690 4499 post
708 4417 823 4479 festum
842 4417 1067 4479 Penthecostes
1092 4420 1122 4479 in
1140 4438 1190 4496 en,
1216 4419 1304 4498 quod
1329 4420 1395 4500 Ipse
1408 4426 1507 4481 unam

241 4522 360 4584 dietam
384 4543 440 4584 sue
465 4543 564 4585 avene
589 4525 691 4585 noctis
716 4525 747 4584 in
765 4525 899 4585 silencio
925 4524 1093 4606 depascere
1119 4543 1183 4585 non
1209 4522 1345 4586 fecisset.

345 4628 423 4689 Item
448 4628 608 4709 Georgius
632 4645 662 4690 et
680 4629 856 4710 Gregorius
876 4629 1013 4690 Nicolao
1031 4628 1154 4690 Odolas
1179 4629 1211 4688 in
1236 4629 1409 4709 qulndenis
1425 4649 1507 4711 qua-

240 4746 313 4794 tuor
337 4734 437 4795 dietas
460 4749 542 4796 terre
567 4735 642 4796 dare
667 4736 796 4797 debent.
