3472 5234
648 301 734 358 Anno
759 311 844 375 1375.
870 333 910 343 -
935 314 962 359 1.
979 297 1073 376 junii,
1459 316 1499 378 27

340 512 418 574 Item
444 509 584 573 Mondof
605 523 715 571 contra
740 508 904 570 Andream
928 508 1065 571 condam
1089 509 1229 591 juratum
1252 509 1358 591 primo
1386 509 1500 571 citatus

234 638 299 680 non
324 617 514 699 comparuit.
582 687 590 693 ¹

340 724 418 785 Item
442 737 557 784 octavo
580 721 632 782 die
665 719 790 783 Ferlich
821 739 854 780 se
891 721 1006 782 tercius
1039 720 1155 803 jurabit
1180 720 1213 781 in
1244 738 1295 799 eo,
1319 721 1407 801 quod
1432 720 1499 802 ipse

235 831 370 893 anulum
394 828 553 891 Leonardi
579 827 618 889 de
642 827 748 888 VdIna
771 846 837 888 non
862 825 1023 906 furaverit,
1052 847 1109 888 nec
1134 825 1237 888 furem
1262 826 1361 907 ipsius
1386 827 1499 902 sciret;

234 937 368 997 anulum
392 949 500 996 autem
524 933 677 995 restituet.
1515 919 1517 922 ’

340 1042 417 1103 Item
442 1053 556 1103 octavo
581 1039 632 1100 die
650 1037 813 1100 Iohannes
837 1059 869 1101 se
886 1038 1002 1099 tercius
1026 1053 1136 1100 contra
1154 1037 1354 1120 Stephanum
1372 1038 1501 1116 iurabit,

234 1147 323 1229 quod
358 1148 424 1228 ipse
460 1146 602 1227 quodam
633 1164 727 1206 suum
771 1144 912 1208 mensale
955 1163 1020 1205 non
1053 1143 1224 1223 iuraverit,
1256 1163 1360 1224 neque
1401 1143 1500 1225 ipsius

238 1253 342 1316 iurem
367 1253 470 1314 sciret.

342 1360 420 1421 Item
444 1379 538 1420 causa
563 1358 674 1420 Jacobi
700 1356 827 1434 medici,
862 1355 1013 1438 Gyurgelr
1048 1370 1079 1417 et
1104 1355 1249 1417 Francha
1279 1354 1430 1417 aurifabri
1456 1369 1502 1417 est

235 1485 292 1547 per
315 1465 478 1527 Andream
503 1465 640 1526 condam
665 1463 804 1545 juratum
829 1462 869 1523 ad
894 1475 967 1523 octo
992 1461 1060 1523 dies
1084 1475 1210 1543 recepta
1235 1461 1275 1522 ad
1301 1481 1423 1542 pacem.

341 1571 419 1632 Item
452 1570 563 1634 Gozlra
596 1572 693 1632 actrix
726 1571 862 1631 existens
894 1583 1004 1630 contra
1035 1568 1235 1631 Anthonium
1270 1582 1410 1630 sutorem
1435 1588 1500 1630 non

236 1677 327 1738 venit
350 1696 455 1757 neque
479 1677 575 1738 misit.
613 1685 619 1696 '

346 1783 425 1844 Item
456 1803 549 1844 causa
582 1782 706 1844 Nicolai
732 1781 904 1845 Tethonici
929 1795 960 1843 et
991 1780 1167 1864 Mychaelis
1198 1796 1245 1844 est
1267 1781 1308 1844 ad
1339 1796 1413 1844 octo
1434 1781 1503 1844 dies

235 1903 407 1971 prorogata
432 1888 471 1950 ad
496 1890 684 1971 ponendum
708 1889 870 1950 racionem
896 1888 977 1949 inter
1001 1888 1097 1970 ipsos.

342 1995 419 2056 Item
444 2014 539 2056 causa
562 1995 694 2056 domine
730 1993 825 2057 Clare
858 2007 888 2055 et
914 1994 984 2056 Elie
1017 1993 1170 2056 aurifabri
1203 2009 1249 2057 est
1273 2015 1330 2076 per
1354 1992 1501 2076 Dra(go)-

236 2100 342 2162 zlaum
367 2102 504 2182 juratum
529 2101 569 2163 ad
593 2114 667 2163 octo
690 2101 758 2161 dies
786 2113 912 2181 recepta
938 2100 979 2161 ad
1005 2119 1127 2182 pacem.

341 2207 419 2268 Item
455 2207 644 2268 Dominicus
679 2206 768 2268 laber
803 2219 914 2268 contra
950 2206 1121 2268 Nicolaum
1153 2208 1257 2288 primo
1290 2207 1405 2269 citatus
1436 2226 1501 2267 non

237 2313 427 2394 comparuit.

342 2418 419 2481 Item
456 2418 606 2480 Chernka
643 2432 752 2480 contra
788 2417 987 2500 Stephanum
1021 2419 1118 2480 actrix
1143 2419 1280 2480 existens
1314 2438 1379 2480 non
1416 2417 1504 2479 venit

237 2543 342 2605 neque
367 2524 463 2587 misit.

342 2631 420 2692 Item
445 2630 598 2692 Clemens
619 2631 837 2693 mercenarius
862 2631 948 2693 Luce
980 2645 1095 2692 octavo
1120 2630 1171 2691 die
1196 2651 1228 2693 se
1253 2631 1368 2692 tercius
1392 2643 1502 2691 contra

237 2736 438 2799 Anthonium
471 2737 583 2819 Renyz
614 2737 730 2809 jurabit
758 2737 790 2797 in
824 2756 874 2815 eo,
899 2737 988 2818 quod
1020 2756 1111 2800 suam
1143 2737 1314 2819 pecuniam
1338 2756 1404 2798 non
1428 2737 1502 2797 sub·

237 2843 390 2906 traxisset.

342 2949 420 3012 Item
446 2949 606 3030 Georgius
629 2949 750 3031 judicio
782 2962 891 3011 nostro
924 2961 958 3012 ut
982 2949 1093 3011 debuit
1125 2949 1315 3031 comparuit,
1340 2948 1503 3010 Iohannes

239 3070 345 3119 autem
370 3076 435 3118 non
452 3057 540 3119 veuit
563 3076 668 3137 neque
686 3056 783 3136 misit,
809 3075 882 3118 curn
900 3070 1007 3117 autem
1024 3056 1087 3117 hoc
1107 3056 1139 3117 in
1156 3055 1313 3138 preceptis
1330 3055 1501 3119 habuisset.

336 3272 432 3348 Ferla
460 3282 559 3347 sexta
587 3277 742 3364 proxima
769 3282 847 3365 post
874 3274 998 3346 lestum
1026 3273 1241 3348 Ascenslonis
1270 3277 1405 3346 domini.

791 3430 834 3504 (1.
850 3430 957 3504 junii).

345 3568 452 3631 Primo
477 3567 598 3630 Mathia
620 3568 781 3631 aurifaber
804 3583 914 3632 contra
932 3570 1108 3632 Martinum
1132 3569 1305 3651 Zequirich
1328 3570 1434 3652 primo
1458 3568 1499 3630 ci-

238 3685 322 3735 tatus
345 3694 411 3736 non
435 3674 624 3757 comparuit.

343 3780 421 3842 Item
445 3781 549 3843 Vinlra
573 3796 683 3843 contra
706 3786 835 3843 Annam
860 3783 965 3863 primo
994 3783 1088 3844 citata
1113 3802 1177 3844 non
1202 3782 1393 3864 comparuit.

343 3885 421 3948 Item
446 3886 636 3948 Dominicus
667 3887 757 3949 faber
789 3901 899 3949 contra
929 3888 1101 3950 Nicolaum
1125 3888 1202 3951 feria
1233 3903 1320 3951 sexta
1346 3908 1430 3950 nunc
1455 3889 1503 3949 in·

237 3993 330 4055 stanti
355 3993 570 4074 respondebit.

340 4098 418 4160 Item
444 4098 596 4161 Clemens
620 4113 729 4160 contra
755 4100 926 4161 Nicolaum
952 4101 1058 4182 primo
1084 4101 1199 4165 citatus
1223 4121 1288 4163 non
1313 4102 1503 4182 comparuit.
1573 4121 1583 4144 ·

341 4204 419 4266 Item
437 4205 618 4287 Stephanus
641 4219 751 4266 contra
776 4207 952 4268 Martinum
974 4207 1146 4288 Zequirich
1169 4209 1275 4290 prImo
1300 4208 1413 4269 citatus
1437 4226 1502 4268 non

236 4311 427 4391 comparuit.

342 4415 421 4478 Item
452 4417 570 4478 Paulus
599 4419 690 4478 tahar
722 4431 830 4479 contra
864 4417 973 4480 Mathe
1004 4418 1140 4500 figulum
1172 4420 1277 4501 primo
1302 4420 1415 4480 citatus
1438 4438 1502 4480 non

237 4521 427 4604 comparuit.

341 4628 419 4689 Item
464 4628 600 4709 Mykech
642 4642 742 4689 sartor
791 4643 900 4690 contra
937 4630 1101 4692 Franchelx
1140 4631 1246 4712 primo
1285 4631 1398 4692 citatus
1437 4649 1502 4691 non

236 4733 426 4816 comparuit.
