3472 5234
618 300 819 381 Anno1389.
844 339 888 348 -
904 318 939 380 3.
963 305 1122 365 decembris.
1441 324 1501 385 313

1147 411 1500 418 --—--————..-—.

291 522 388 597 Feria
416 532 514 596 sexta
543 525 696 613 proxima
726 531 804 595 ante
841 523 964 594 festum
993 524 1089 594 beate
1118 522 1267 595 Barbare
1294 525 1449 613 virginis.

757 657 799 734 (3.
829 657 1002 730 decembris).

344 777 1299 861 ltemPetruscarnilexcontraLucasiumprimocitatusnon
1310 779 1500 862 comparuit.

344 885 421 946 Item
447 885 555 948 relicta
575 885 722 946 Mauricii
746 898 860 947 octavo
892 884 944 946 die
976 899 1085 946 contra
1111 885 1281 947 dominum
1313 885 1500 968 episcopum

238 990 431 1073 respondere
457 990 562 1054 debet.

343 1098 420 1158 Item
439 1095 563 1158 Blasich
582 1111 689 1158 contra
708 1095 902 1178 Gregorium
919 1094 1073 1179 voyschar
1089 1096 1279 1158 secundario
1297 1096 1410 1158 citatus
1432 1115 1497 1156 non

237 1203 427 1284 comparuit.

344 1308 423 1370 Item
458 1308 619 1370 lohannes
654 1309 744 1390 niger
774 1321 883 1370 contra
919 1309 1033 1370 Paulas
1064 1309 1260 1371 secundario
1292 1309 1405 1371 citatus
1436 1328 1500 1370 non

238 1415 427 1497 comparuit.

343 1521 420 1581 Item
430 1534 540 1583 contra
550 1521 689 1583 eundem
700 1522 829 1604 Mathey
839 1521 978 1584 carnifex
988 1522 1092 1604 primo
1106 1522 1219 1584 citatus
1232 1541 1297 1583 non
1308 1522 1501 1603 comparuit.

345 1627 422 1690 ltem
448 1627 601 1711 Gyurgek
633 1641 664 1690 et
687 1628 839 1690 Nicolaus
870 1642 979 1691 contra
1004 1628 1205 1691 Anthonium
1233 1627 1372 1710 juratum
1396 1629 1501 1711 primo

238 1734 324 1796 citati
350 1754 415 1796 non
440 1748 697 1816 comparuerunt.

347 1840 425 1902 Item
444 1840 642 1922 Dragozlaus
658 1854 768 1903 contra
793 1887 826 1904 ..
851 1855 966 1903 octavo
993 1841 1045 1902 die
1073 1854 1167 1903 testes
1191 1840 1367 1922 producere
1392 1841 1498 1921 debet,

240 1946 409 2009 videlicet:
434 1947 599 2009 Vrbanum
625 1960 655 2010 et
679 1947 878 2009 Demetrium
904 1947 1093 2010 institorem.

344 2052 422 2115 ltem
435 2052 554 2136 (causa)
578 2052 709 2134 Georgii
728 2067 837 2116 contra
855 2052 1045 2115 familiarem
1070 2052 1195 2114 Nicolai
1212 2072 1314 2134 usque
1335 2065 1408 2115 octo
1432 2053 1502 2115 dies

238 2159 277 2220 ad
303 2179 414 2240 pacem
439 2172 486 2221 est
509 2174 645 2243 recepta.

344 2265 422 2328 ltem
453 2286 547 2328 causa
579 2266 662 2328 Petri
694 2265 787 2347 jurati
820 2285 875 2348 per
906 2279 1000 2327 testes
1035 2279 1145 2327 contra
1177 2265 1306 2327 Petrum
1338 2265 1497 2327 decanum

237 2391 339 2452 usque
364 2373 504 2454 primum
528 2373 683 2453 judicium
709 2373 818 2434 estad
844 2392 955 2455 pacem
979 2385 1114 2454 recepta.

344 2479 421 2541 ltem
446 2480 558 2541 Petrus
582 2493 613 2541 et
638 2479 817 2561 Stephanus
833 2478 953 2559 juratus
977 2476 1136 2559 quidquid
1155 2496 1210 2538 eos
1233 2477 1312 2538 scire
1337 2477 1418 2538 inter
1443 2477 1496 2538 Jo-

237 2582 376 2645 hannem
403 2584 539 2666 juratum
565 2600 595 2646 et
622 2584 750 2667 Mathcy
775 2599 888 2645 octavo
913 2584 964 2644 die
989 2581 1154 2644 testificare
1178 2581 1307 2644 debent.

343 2691 420 2751 ltem
445 2710 572 2752 causam
597 2702 691 2752 testes
716 2691 806 2752 Pauli
832 2689 961 2751 sartoris
992 2708 1092 2769 usque
1124 2702 1197 2749 octo
1223 2687 1291 2748 dies
1314 2687 1353 2748 ad
1385 2707 1497 2769 pacem

237 2809 434 2878 receperunt.

341 2901 416 2962 Item
426 2900 585 2982 Georgius
594 2915 703 2963 contra
712 2900 889 2982 Georgium
903 2899 1092 2962 secundario
1102 2900 1215 2961 citatus
1227 2919 1290 2961 non
1306 2901 1498 2982 comparuit.

339 3006 416 3068 ltem
441 3007 588 3090 Zytarich
620 3021 729 3069 contra
762 3007 917 3068 Jacobum
949 3004 1121 3088 pellificem
1153 3004 1259 3087 primo
1291 3005 1404 3067 citatus
1429 3025 1494 3068 non

234 3113 424 3193 comparuit.

342 3219 419 3282 Item
456 3219 564 3281 relicta
600 3218 746 3303 Mathyas
780 3232 889 3282 contra
926 3219 1120 3300 Agustinum
1156 3217 1262 3300 primo
1300 3218 1395 3281 citata
1432 3240 1499 3282 non

234 3326 424 3407 comparuit.

338 3431 416 3493 Item
434 3430 624 3495 Valentinus
647 3446 756 3494 contra
781 3433 936 3512 Torkam‚
956 3433 1085 3494 Petrum
1104 3449 1134 3495 et
1151 3432 1386 3515 Margaretham
1405 3434 1498 3494 Zola·

232 3537 318 3599 richa
342 3552 496 3620 tanquam
520 3551 615 3601 testes
638 3553 752 3600 octavo
776 3538 827 3600 die
852 3537 1028 3621 producere
1053 3538 1159 3601 debet.

339 3644 416 3706 ltem
442 3645 530 3725 quod
554 3645 630 3727 quia
655 3645 766 3707 Petrus
789 3645 931 3707 decanus
958 3645 1120 3727 quandam
1153 3646 1243 3709 litem
1270 3660 1381 3709 contra
1406 3645 1500 3708 Cilus
1579 3645 1589 3666 ’

231 3751 290 3811 sub
306 3770 386 3832 pena
411 3751 642 3833 quinquaginta
661 3771 840 3813 marcarum
864 3751 1037 3831 suscitavit,
1054 3772 1149 3834 super
1171 3753 1237 3834 ipsa
1255 3753 1310 3814 lite
1335 3766 1366 3815 et
1390 3753 1490 3815 eciam

231 3875 327 3937 super
351 3856 507 3919 universis
531 3858 634 3919 causis
657 3878 690 3919 se
723 3858 905 3920 reddiderat
936 3859 1140 3941 expeditum,
1172 3860 1246 3922 ideo
1271 3861 1377 3943 ipsum
1402 3859 1496 3924 Cilus

232 3975 341 4024 contra
366 3963 470 4045 ipsum
496 3964 625 4026 Petrum
648 3964 813 4026 reddimus
837 3966 963 4047 penitus
987 3965 1191 4046 expeditum3
1224 3967 1355 4049 ipseque
1381 3968 1493 4029 Petrus

233 4068 372 4130 decanus
397 4083 442 4130 est
466 4071 630 4133 convictus
654 4071 686 4132 in
712 4119 744 4134 ..
771 4071 1005 4153 quinquaginta
1025 4073 1139 4133 marcis
1163 4085 1194 4134 et
1217 4071 1417 4156 potuornik.*

338 4174 415 4235 Item
440 4175 623 4237 Anthonius
647 4175 793 4259 Zytarich
819 4195 920 4258 usque
941 4176 1120 4259 quindenas
1145 4178 1272 4239 Thome
1298 4198 1398 4240 unum
1425 4179 1495 4243 flor.

232 4278 356 4341 solvere
381 4279 494 4356 debet;
519 4282 585 4362 ipse
610 4295 717 4343 autem
741 4282 889 4365 Zytarich
921 4283 1023 4364 ipsam
1048 4302 1176 4344 causam
1200 4284 1240 4345 ad
1271 4285 1424 4365 antiquos
1448 4286 1497 4367 ju·

235 4385 321 4446 dices
344 4386 527 4468 appellavit.

339 4491 416 4553 ltem
441 4511 535 4553 causa
561 4493 702 4554 Simonis
725 4507 835 4555 contra
860 4493 916 4556 Sib
941 4513 1042 4576 usque
1059 4509 1133 4556 octo
1157 4495 1225 4557 dies
1249 4510 1296 4559 est
1314 4512 1496 4579 prorogata.

340 4598 417 4659 ltem
451 4598 538 4679 quod
563 4599 639 4680 quia
670 4598 817 4662 Thomas
846 4614 935 4663 sutor
965 4614 1075 4663 contra
1107 4601 1183 4664 lvan
1216 4603 1366 4665 Huzaren
1400 4618 1495 4672 testes

231 4704 410 4785 producere
434 4704 565 4785 debens,
590 4725 654 4767 non
679 4707 841 4788 produxit,
865 4707 939 4772 ideo
963 4729 1090 4772 causam
1119 4729 1210 4774 suam
1235 4710 1386 4796 perdidit.

337 4859 350 4889 *
368 4862 387 4915 l.
405 4879 429 4915 e.
447 4861 625 4916 calumniator.
