3472 5234
236 383 299 446 344

340 577 418 637 Item
444 578 557 639 Marko
590 576 713 639 Gemez
745 589 854 638 contra
887 575 1080 657 Gregorium
1113 578 1254 639 secundo
1287 577 1400 639 citatus
1431 599 1496 640 non

235 682 426 765 comparuit.

339 789 418 851 Item
442 809 536 850 causa
562 788 690 872 Gyuani
715 803 745 850 et
763 789 887 850 Nicolai
912 802 959 850 est
974 809 1030 871 per
1054 788 1239 869 judicesad
1264 805 1337 851 octo
1363 789 1431 850 dies
1454 790 1495 851 ad

232 914 344 977 pacem
368 908 505 977 recepta.

339 1001 417 1062 Item
449 1002 590 1083 predicta
623 1001 753 1063 domina
786 1001 895 1063 relicta
929 1001 1036 1063 Mathe
1069 1001 1213 1083 predicto
1252 1003 1437 1064 testimonio
1463 1017 1497 1063 ut

233 1106 344 1168 debuit
373 1107 611 1188 comprobavit,
646 1107 733 1188 quod
759 1108 845 1168 idem
876 1106 982 1168 Mathe
1015 1107 1093 1168 duas
1125 1108 1234 1169 vlneas
1258 1109 1357 1190 Ipsius
1389 1109 1496 1169 uxoris

232 1232 287 1274 sue
319 1233 376 1294 pro
408 1213 466 1274 XV
501 1214 615 1275 marcis
647 1227 677 1274 et
713 1212 849 1275 fundum
885 1233 943 1295 pro
978 1226 1116 1295 quatuor
1148 1214 1263 1275 marcis
1287 1234 1360 1275 curn
1385 1213 1491 1275 media

233 1319 439 1381 vendidisset.

338 1425 416 1487 Item
439 1424 554 1487 domos
578 1425 657 1487 duas
681 1424 809 1486 Thorne
833 1425 908 1486 dicti
933 1425 1058 1486 Velanti
1088 1425 1220 1486 ecclesie
1244 1426 1342 1487 sancti
1369 1426 1494 1487 Nicolai

233 1529 423 1592 confessoris
447 1530 486 1592 de
518 1530 673 1611 Zagrabia
703 1530 957 1609 adjudicavimus
990 1530 1199 1612 possidendas
1222 1530 1307 1610 juxta
1332 1530 1494 1610 adjudica·

233 1636 360 1698 cionem
378 1637 501 1698 domini
527 1636 680 1698 Demetrii
705 1633 869 1718 episcopi*
887 1649 918 1697 et
939 1648 1165 1698 testamentum
1189 1636 1343 1697 Anthonii
1364 1637 1495 1714 decanI;

234 1742 334 1824 ipsam
348 1756 454 1804 autem
468 1761 596 1803 causam
610 1742 772 1803 Iohannes
785 1742 945 1825 Chemery
962 1742 1001 1803 ad
1015 1741 1137 1822 judices
1149 1741 1299 1822 antiquos
1312 1742 1496 1824 appellavit.

340 1849 417 1910 Item
443 1849 551 1909 relicta
570 1847 677 1909 Mathe
694 1848 734 1908 de
751 1847 933 1909 Crauarzka
961 1848 1092 1909 terciam
1109 1862 1230 1930 partem
1255 1848 1494 1930 possessionum

233 1955 293 2016 sibi
318 1974 374 2036 per
397 1955 547 2015 maritum
572 1973 665 2015 suum
690 1955 869 2035 predictum
887 1954 1025 2035 legatam
1049 1954 1303 2033 adjudicavimus
1327 1954 1492 2036 possiden·

235 2060 308 2121 dam
335 2060 374 2121 de
399 2061 484 2121 bona
508 2060 673 2121 voluntate
691 2059 819 2122 Gerdalr
845 2059 949 2122 fratris
974 2061 1073 2142 ipsius
1092 2060 1200 2123 Mathe
1218 2061 1339 2122 ibidem
1364 2075 1497 2140 astante,

234 2181 265 2226 er
289 2167 377 2227 nulla
403 2166 509 2256 debita
535 2167 633 2247 ipsius
658 2165 764 2228 Mathe
789 2167 912 2227 solvere
937 2167 1032 2227 debet
1056 2167 1178 2228 eadem.

339 2289 416 2352 Item
450 2290 617 2352 Elizabeth
649 2303 763 2352 octavo
796 2290 847 2351 die
879 2305 988 2352 contra
1021 2309 1154 2352 uxorem
1185 2311 1235 2352 ser
1266 2290 1429 2352 Benedicti
1464 2311 1497 2353 se

232 2396 372 2459 secunda
396 2396 513 2476 jurabit
537 2397 569 2457 ln
601 2417 651 2475 eo,
684 2396 771 2478 quod
803 2396 871 2478 ipsa
903 2416 960 2457 sua
992 2416 1065 2458 vasa
1090 2416 1154 2457 non
1188 2394 1400 2472 vendidisset;
1426 2396 1495 2478 ipsa

232 2521 312 2564 uxor
336 2502 499 2564 Benedicti
525 2502 626 2584 ipsam
650 2522 777 2564 causam
801 2502 841 2562 ad
866 2503 1016 2583 antiquos
1040 2501 1162 2581 judices
1185 2502 1369 2584 appellavit.

339 2608 416 2669 Item
439 2607 586 2670 Geninus
609 2608 730 2690 juratus
755 2622 864 2670 contra
889 2608 1067 2669 Janslinum
1094 2607 1172 2668 leria
1196 2622 1281 2669 sexta
1307 2627 1393 2669 nunc
1418 2628 1495 2670 ven·

233 2726 303 2775 tura
327 2714 545 2796 respondebit.

338 2820 416 2881 Item
441 2822 552 2882 Marko
578 2835 691 2883 octavo
716 2820 768 2882 die
794 2840 851 2902 per
875 2819 1077 2882 Clementem
1111 2834 1142 2880 et
1167 2820 1336 2881 NIcolaum
1361 2839 1494 2902 carpen-

232 2925 348 2986 tarium
373 2927 519 2988 atestabit
544 2946 637 3008 super
662 2947 711 3004 e0,
736 2926 823 3006 quod
850 2927 916 3008 lpse
940 2945 1030 2987 suam
1055 2927 1188 2987 barbam
1213 2926 1404 2987 extraxisset.

340 3031 416 3092 Item
448 3032 564 3114 Vydlro
600 3032 753 3112 antiquus
784 3045 893 3093 contra
926 3031 1118 3114 Dyonisium
1150 3032 1248 3093 tercio
1282 3031 1394 3092 citatus
1430 3051 1495 3092 non

234 3138 421 3219 comparuit.

304 3388 400 3462 IerIa
428 3399 526 3462 sexta
554 3393 706 3480 proxIma
736 3400 814 3464 ante
849 3393 972 3465 festum
1000 3396 1089 3465 beati
1119 3393 1243 3466 Thone
1270 3395 1424 3483 aposloli.

338 3577 447 3638 PrImo
472 3576 634 3638 Iohannes
658 3578 801 3640 Plabtich
834 3594 905 3662 post
938 3580 1052 3642 festum
1079 3580 1332 3662 EpIphaniarum
1367 3582 1491 3643 domini

233 3684 337 3765 prImo
361 3683 481 3763 judicio
506 3697 615 3746 contra
641 3685 808 3746 dominum
833 3687 1004 3748 Nicolaum
1031 3687 1228 3748 sacerdotem
1255 3708 1310 3769 per
1336 3688 1491 3750 MathIam

233 3788 333 3849 filium
362 3789 468 3849 Herne
500 3789 539 3849 de
572 3790 739 3869 Petrouch,
774 3790 949 3872 Georgium
976 3793 1015 3853 de
1041 3793 1233 3874 Tapolouch
1258 3807 1288 3854 et
1315 3794 1490 3855 IIenricum

232 3893 403 3976 pellificem
428 3897 574 3957 atestabit
597 3917 691 3978 super
717 3918 765 3976 eo,
795 3899 883 3979 quod
915 3899 981 3980 ipse
1007 3899 1133 3959 vineam
1166 3899 1265 3981 ipsius
1289 3900 1412 3961 domini
1439 3901 1494 3961 Ni·

233 4000 314 4061 colai
341 4000 388 4061 bis
417 4000 650 4081 ligonizaverit.

338 4105 415 4166 Item
437 4125 530 4167 causa
555 4108 730 4191 Mychaelis
755 4108 810 4171 filii
840 4110 988 4171 Damiani
1013 4125 1044 4171 et
1068 4110 1223 4172 Iohannis
1247 4111 1341 4191 jurati
1367 4125 1412 4173 est
1437 4132 1494 4194 per

232 4210 433 4272 Anthonium
458 4214 560 4275 Reniz
584 4215 623 4275 ad
648 4216 788 4296 primurn
818 4216 973 4296 judicium
998 4231 1123 4299 recepta
1149 4219 1189 4278 ad
1213 4239 1334 4300 pacem.

337 4318 414 4379 Item
432 4339 524 4380 causa
543 4321 640 4382 Marci
664 4336 693 4383 et
716 4323 799 4383 Petri
818 4323 892 4385 dicti
911 4323 1022 4384 decani
1041 4338 1087 4386 est
1111 4346 1167 4407 per
1184 4339 1279 4386 testes
1296 4326 1334 4386 ad
1352 4327 1493 4408 prImum

232 4421 387 4501 judicium
413 4440 538 4508 recepta
562 4427 601 4487 ad
630 4448 752 4509 pacem.

339 4530 415 4592 Item
442 4532 594 4593 Nicolaus
618 4535 834 4615 carpentarius
854 4554 912 4617 pro
938 4535 1082 4596 Iohanne
1109 4537 1253 4599 Plahtich
1279 4538 1413 4600 domino
1437 4539 1494 4599 Ni-

233 4633 325 4695 colao
350 4636 490 4718 plebano
514 4658 572 4721 pro
600 4659 652 4699 sex
678 4659 749 4700 cum
783 4640 915 4702 dimidia
948 4642 1054 4723 pensis
1085 4642 1291 4705 denariorum
1324 4641 1496 4706 fideiubuit

336 4825 516 4880 *Demetrius
535 4830 614 4895 episc.
633 4832 747 4897 praefuit
765 4831 827 4884 eccl.
845 4833 947 4898 zagrab.
967 4849 1025 4885 ann.
1048 4835 1231 4900 1376-1378.
