3472 5234
632 320 829 395 Ann01377.
855 352 894 362 —
920 315 951 378 6.
975 320 1084 379 marat.

335 528 414 590 Item
438 526 575 610 Mykech
596 539 707 590 contra
732 527 822 589 Mark
847 528 950 608 primo
974 528 1088 589 citatus
1112 547 1176 589 non
1202 527 1391 610 comparuit.

335 635 414 696 Item
438 634 550 696 Marlro
574 633 658 695 lilius
682 633 849 696 Chernech
875 647 983 695 contra
1008 634 1196 714 magistrum
1220 634 1356 695 Paulum
1380 647 1495 696 octavo

232 740 284 803 die
308 740 524 823 respondebit.

336 846 415 908 Item
431 845 591 927 Georgius
603 845 724 926 juratus
736 855 846 908 contra
860 846 1060 929 Mychaelem
1075 862 1189 911 octavo
1203 848 1255 909 die
1274 847 1492 931 respondebit.

335 952 413 1016 Item
446 973 540 1015 causa
570 953 664 1014 vinee
704 952 841 1014 condam
873 952 1002 1015 Andree
1033 967 1080 1017 est
1113 974 1169 1037 per
1199 953 1320 1035 judices
1350 953 1390 1015 ad
1422 967 1495 1015 octo

231 1059 300 1121 dies
322 1071 505 1141 prorogata,
529 1059 605 1141 quia
630 1058 775 1120 nondum
793 1059 1002 1121 commissarii
1028 1059 1127 1141 ipsius
1143 1073 1217 1122 sunt
1239 1059 1321 1120 inter
1345 1078 1378 1120 se
1403 1059 1495 1121 uniti.

336 1183 415 1245 Item
439 1183 589 1264 magister
614 1183 702 1244 Leon
727 1202 785 1265 pro
807 1181 927 1244 Mathia
952 1203 1010 1244 suo
1027 1181 1183 1244 familiare
1207 1197 1337 1264 propter
1360 1182 1425 1243 suis
1442 1202 1494 1243 ex-

229 1289 369 1351 cessibus
391 1287 560 1351 fideiussor
584 1288 686 1350 extitit
710 1287 749 1349 ad
774 1289 915 1371 primum
948 1287 1104 1369 judicium
1136 1287 1398 1370 presentandum,
1423 1286 1493 1370 ipso

228 1394 366 1457 termino
391 1408 561 1456 occurente
590 1394 742 1456 dominus
774 1394 941 1477 Philippus
974 1393 1058 1456 filius
1083 1395 1186 1456 Mauri
1219 1409 1329 1457 contra
1353 1393 1494 1457 eundern

229 1502 353 1582 agebat,
378 1501 511 1583 ipseque
536 1500 644 1563 Mathe
669 1521 735 1562 non
759 1502 847 1563 venit
870 1520 976 1582 neque
1000 1502 1097 1563 misit.

336 1624 444 1687 Posita
468 1637 515 1687 est
538 1644 620 1707 pena
645 1625 727 1687 inter
758 1623 945 1706 magistrum
976 1624 1111 1686 Paulum
1145 1638 1175 1686 et
1207 1625 1355 1685 Maritum
1379 1623 1494 1685 Putaui

228 1730 318 1792 XXV
342 1749 447 1792 marce
471 1731 496 1793 si
522 1751 594 1813 pars
618 1745 741 1814 partem
765 1731 866 1793 verbo
890 1730 942 1793 vel
965 1729 1050 1792 facto
1074 1729 1225 1792 offendet.

413 1964 510 2040 leria
538 1976 637 2041 sexta
665 1972 822 2059 proxima
850 1977 928 2041 ante
956 1969 1156 2043 dominicam
1185 1969 1313 2041 letare.

770 2136 816 2218 (6.
840 2141 960 2219 martir).

337 2298 444 2360 Primo
477 2298 639 2360 Johannes
673 2312 783 2361 contra
818 2299 1053 2381 Margaretham
1096 2298 1238 2361 secundo
1277 2299 1390 2360 citatus
1425 2319 1491 2360 non

228 2405 417 2487 comparuit.

333 2509 411 2573 Item
435 2509 588 2575 Nitolaus
612 2511 697 2572 filius
721 2510 846 2573 Crisani
877 2524 987 2572 contra
1021 2512 1187 2574 Marenum
1213 2524 1327 2573 octavo
1360 2511 1411 2573 die
1445 2532 1493 2573 re·

228 2615 411 2698 spondebit.

333 2722 411 2785 Item
432 2743 527 2784 causa
549 2722 681 2804 Georgii
714 2736 744 2786 et
769 2723 923 2785 Iohannis
946 2737 992 2785 est
1024 2743 1079 2806 per
1104 2723 1281 2805 Georgium
1308 2726 1489 2807 Mykouche

227 2841 259 2890 et
281 2828 478 2911 Stephanum
504 2828 650 2890 Pundich
675 2829 714 2890 ad
739 2842 812 2892 octo
837 2829 905 2891 dies
929 2844 1098 2911 prorogata
1122 2831 1162 2891 ad
1187 2850 1309 2910 pacem.

332 2935 410 2997 Item
435 2934 598 2998 Iohannes
621 2935 704 2996 Wos
729 2949 838 2997 contra
860 2936 1032 3018 parlerium
1057 2949 1171 2997 octavo
1196 2936 1248 2997 die
1273 2937 1490 3019 respondebit.

333 3040 411 3103 Item
436 3042 590 3103 Nicolaus
614 3041 698 3103 filius
721 3041 848 3104 Crisani
873 3056 983 3103 contra
1001 3041 1204 3104 Clementem
1228 3056 1343 3105 octavo
1368 3042 1418 3103 die
1443 3062 1490 3103 re·

227 3147 409 3229 spondebit.

334 3252 412 3315 Item
437 3273 530 3314 causa
556 3253 732 3335 Mychaelis
757 3253 916 3336 Damyani
951 3266 983 3316 et
1007 3252 1138 3333 Georgii
1163 3252 1255 3332 jurati
1289 3267 1335 3316 est
1358 3274 1414 3336 per
1438 3255 1490 3316 Jo-

226 3358 367 3420 hannem
403 3358 559 3421 decanum
598 3372 629 3421 et
664 3358 816 3421 Cosmam
850 3357 1047 3420 aurifabrum
1082 3359 1123 3420 ad
1153 3372 1226 3421 octo
1261 3359 1330 3422 dies
1366 3376 1490 3443 recepta

227 3463 267 3526 ad
292 3484 413 3547 pacem.

332 3571 411 3634 Item
436 3570 612 3652 Gregorius
635 3570 720 3633 filius
743 3571 898 3633 Johannis
929 3584 1038 3632 contra
1066 3571 1173 3632 Mathe
1205 3585 1347 3633 sutorem
1371 3570 1490 3652 jurabit

227 3690 341 3739 octavo
365 3676 417 3738 die
441 3697 537 3757 super
560 3697 613 3739 sex
638 3677 745 3759 pensis
769 3676 973 3738 denariorum
999 3696 1081 3759 quos
1109 3677 1220 3739 asserit
1244 3678 1444 3760 persolvisse.

332 3783 410 3845 Item
434 3783 588 3844 Nicolaus
612 3782 749 3844 condam
775 3782 869 3864 judex
893 3795 925 3845 et
942 3803 1019 3844 auus
1043 3784 1259 3845 mercenarius
1282 3796 1392 3845 contra
1409 3783 1490 3847 Gre·

225 3888 352 3970 gorium
377 3889 481 3971 primo
506 3888 591 3951 citati
616 3908 681 3950 non
711 3902 969 3970 comparuerunt.

333 3995 410 4057 Item
434 3994 639 4077 Wlkouycha
663 4009 774 4057 contra
798 3993 976 4075 Georgium
1001 4008 1115 4056 octavo
1140 3994 1192 4056 die
1216 3995 1433 4077 respondebit.

332 4102 409 4163 Item
434 4101 617 4163 AnthonIus
640 4100 788 4184 Zitarych
813 4113 923 4162 contra
947 4099 1125 4182 Georgium
1150 4101 1289 4181 juratum
1314 4101 1420 4183 primo
1446 4101 1488 4162 ci-

225 4223 309 4272 tatus
333 4228 397 4272 non
422 4209 610 4290 comparuit.

330 4315 409 4376 Item
433 4333 527 4375 causa
552 4313 691 4377 Bediche
719 4327 750 4375 et
782 4312 947 4374 Benedicti
975 4312 1161 4374 carnificum
1186 4327 1232 4374 est
1255 4332 1311 4394 per
1336 4310 1487 4394 Matheyk

225 4434 256 4484 ct
279 4420 438 4483 Wrouich
462 4420 500 4481 ad
525 4434 598 4481 octo
623 4419 691 4480 dies
714 4432 841 4501 recepta
865 4418 905 4479 ad
929 4437 1052 4500 pacem.

330 4526 409 4589 Item
434 4526 589 4588 Martinus
613 4539 722 4588 contra
737 4526 892 4587 Dicauam
908 4525 1050 4587 secundo
1075 4525 1189 4587 citatus
1205 4543 1270 4586 non
1295 4522 1486 4604 comparuit.

331 4650 410 4712 Item
435 4669 528 4711 causa
552 4649 695 4731 magistri
723 4648 816 4711 Pauli
844 4661 875 4709 et
899 4648 997 4709 Marci
1029 4647 1105 4709 dicti
1129 4648 1231 4709 Putan
1256 4660 1303 4709 est
1326 4665 1382 4728 per
1406 4643 1485 4706 Gre-

224 4757 352 4839 gorium
376 4776 487 4818 voacar
510 4769 541 4818 et
564 4757 679 4818 Paulas
703 4755 743 4817 ad
768 4768 840 4817 octo
865 4753 933 4815 dies
956 4766 1082 4836 recepta
1105 4754 1146 4816 ad
1170 4773 1293 4837 pacem.
