3472 5234
643 347 844 427 Ann01385.
869 384 910 395 -
934 348 985 412 16.
1001 354 1094 427 junii·
1439 372 1502 435 237

343 564 420 626 Item
452 584 546 626 causa
578 564 662 625 lwan
694 560 751 625 lilii
783 562 869 624 lwan
901 577 1011 626 contra
1044 564 1159 646 Dwym
1195 577 1226 625 et
1259 564 1431 625 Lucasium
1462 564 1502 625 ad

240 669 422 751 quindenas
445 684 492 732 est
515 683 695 751 prorogata.

343 775 422 838 item
446 795 540 837 causa
556 775 667 838 lacobi
685 787 795 837 contra
811 774 1061 857 jobagionissam
1087 776 1167 860 Elye
1184 777 1224 838 ad
1249 790 1399 839 octavum
1416 776 1502 838 diem

237 896 283 944 est
306 895 489 963 prorogata.

342 988 422 1051 Item
439 987 631 1050 Benedictus
654 1000 743 1049 sutor
775 1001 888 1048 octavo
920 986 973 1048 die
1002 987 1237 1069 quinquaginta
1262 988 1411 1050 homines
1441 1000 1502 1049 sta-

237 1102 326 1157 tuere
351 1095 446 1157 debet
469 1107 500 1156 et
522 1095 679 1175 vigesimo
704 1093 818 1175 quinto
843 1112 876 1155 se
905 1112 1063 1176 supereo
1094 1093 1221 1176 jurabit,
1247 1094 1335 1176 quod
1362 1095 1394 1157 in
1419 1095 1500 1157 inte·

236 1201 421 1284 rempcione
445 1200 612 1263 cuiusdam
636 1200 780 1261 mulieris
804 1212 835 1261 et
858 1199 952 1281 spolii
977 1200 1132 1262 innocens
1154 1201 1204 1263 sit.

344 1325 423 1387 Item
437 1325 575 1386 lacobus
590 1321 721 1407 pellifex
745 1337 832 1385 sexto
849 1344 882 1386 se
899 1338 1012 1388 octavo
1030 1324 1081 1385 die
1098 1344 1193 1406 super
1209 1344 1247 1386 eo
1264 1324 1393 1407 jurabit,
1412 1325 1501 1407 quod

237 1432 375 1493 lacobus
399 1431 504 1492 nullas
527 1451 577 1492 res
607 1430 668 1492 sibi
699 1429 739 1491 ad
771 1429 963 1491 servandum
995 1430 1194 1512 assignasset,
1227 1451 1332 1512 neque
1359 1432 1426 1513 ipse
1450 1450 1500 1492 res

237 1557 310 1600 cum
333 1557 392 1598 suo
416 1538 496 1599 scitu
520 1537 584 1598 sint
607 1534 719 1599 furate.

343 1644 422 1705 ltem
447 1643 559 1705 Petrus
582 1641 722 1704 carnifex
746 1642 834 1704 solus
858 1656 971 1705 octavo
1000 1643 1053 1706 die
1077 1664 1172 1727 super
1196 1663 1235 1706 eo
1260 1643 1388 1724 jurabit,
1412 1640 1501 1724 quod

237 1750 303 1832 ipse
330 1769 429 1810 unum
456 1748 524 1812 flor.
549 1750 618 1810 auri
643 1748 787 1829 Georgio
812 1767 877 1810 non
902 1748 1046 1815 iurasset.

344 1874 422 1936 ltem
447 1873 534 1955 quod
559 1873 635 1955 quia
660 1872 841 1954 Stephanus
872 1864 1131 1936 filius'Damiani
1162 1874 1194 1936 in
1219 1873 1363 1956 quodam
1397 1875 1498 1936 mani·
1527 1924 1532 1934 .

236 1979 317 2043 festo
343 1979 506 2042 furticinio
531 1992 578 2041 est
604 1991 764 2061 repertus,
797 1979 872 2041 ideo
896 1999 951 2040 sue
983 1980 1135 2059 auricule‚
1157 1979 1308 2042 videlicet
1334 1999 1397 2041 una
1413 1980 1498 2042 auris

236 2085 341 2147 abcidi
367 2085 473 2165 debet,
497 2099 528 2147 et
553 2098 638 2147 extra
663 2085 824 2146 civitatem
847 2086 981 2167 turpiter
1009 2086 1086 2168 pelli
1111 2099 1142 2147 et
1173 2105 1340 2167 nunquam
1365 2086 1398 2147 in
1423 2087 1499 2148 civi·

235 2205 333 2254 tatem
357 2192 487 2270 intrare,
511 2192 591 2254 etsi
615 2191 779 2252 intraverit
802 2204 877 2253 tunc
902 2191 941 2253 de
971 2192 1040 2274 ipso
1064 2192 1205 2254 vindicta
1228 2206 1439 2274 sumpmatur.

342 2298 420 2361 ltem
444 2298 591 2361 Vrbanus
608 2296 692 2359 lilius
771 2297 863 2379 (hleri
879 2298 912 2358 in
929 2297 1000 2360 foro
1024 2299 1241 2381 proclamatus
1262 2299 1295 2359 in
1318 2297 1402 2361 lacto
1419 2299 1500 2362 inte·

235 2404 429 2486 rampeionis
460 2403 613 2487 Stephani
638 2403 752 2465 famuli
785 2404 920 2485 Myklini
942 2404 1080 2466 condam
1108 2404 1233 2486 judicis,
1265 2404 1305 2466 ad
1341 2404 1499 2486 justiciam

236 2529 300 2571 non
325 2511 422 2572 venit.

340 2617 418 2678 ltem
442 2615 586 2677 lwchech
609 2612 694 2677 lilius
719 2615 889 2698 Dragchyn
920 2628 1008 2677 actor
1032 2616 1197 2677 existendo
1221 2629 1332 2678 contra
1357 2615 1442 2677 lwan
1460 2614 1494 2677 fi-

236 2722 315 2784 lium
340 2722 487 2783 lwanlrus
511 2722 543 2783 in
567 2721 643 2783 sede
667 2720 833 2802 judiciaria
858 2740 924 2782 uon
948 2721 1136 2803 comparuit.

340 2827 419 2890 Item
443 2841 548 2890 custos
572 2828 698 2889 Blasius
714 2811 823 2891 contra
840 2827 976 2889 Paulum
993 2827 1155 2889 literatum
1173 2847 1358 2910 comparere
1376 2829 1498 2891 debens

235 2953 300 2995 non
326 2933 514 3016 comparuit.

341 3039 420 3101 Item
433 3039 570 3101 Mathias
585 3052 686 3101 sartor
701 3052 811 3101 contra
829 3039 1043 3102 Laurencium
1061 3040 1197 3102 condam
1211 3039 1350 3120 judicem
1370 3060 1498 3103 causam

235 3165 325 3207 suam
346 3145 496 3228 perdidit.

253 3382 349 3458 lerla
374 3393 472 3456 sexta
500 3387 654 3473 proxima
683 3391 762 3474 post
789 3385 912 3456 festum
939 3385 1116 3458 beatorum
1144 3386 1213 3457 Viti
1242 3375 1294 3479 (et
1322 3377 1480 3481 Modesti)

770 3510 960 3581 martirum.

768 3675 832 3756 (16.
847 3682 956 3758 junii).

341 3838 419 3900 ltem
441 3837 625 3899 Anthonius
650 3837 804 3900 Scitarich
829 3850 939 3899 contra
970 3837 1131 3901 lanchech
1155 3839 1260 3921 primo
1292 3838 1407 3900 citatus
1431 3856 1497 3901 non

235 3945 423 4027 comparuit.

339 4050 416 4113 Item
444 4051 546 4113 Lucas
569 4049 714 4133 Agatych
731 4063 841 4112 contra
866 4049 1065 4132 Stephanum
1083 4049 1233 4132 Chupina
1257 4051 1363 4133 primo
1380 4053 1495 4114 citatus

234 4175 299 4218 non
324 4157 513 4238 comparuit.

340 4262 418 4324 ltem
450 4263 533 4324 Rees
563 4275 673 4324 contra
706 4261 860 4323 Mathiam
890 4260 1103 4343 gladiatorem
1139 4263 1243 4343 primo
1275 4262 1390 4324 citatus
1429 4283 1494 4325 non

234 4368 422 4449 comparuit.

339 4473 417 4534 ltem
442 4472 594 4535 Clemens
610 4473 749 4556 piscator
764 4487 874 4536 contra
891 4471 1072 4534 Iohannem
1097 4486 1128 4534 et
1144 4471 1321 4555 Georgium
1340 4473 1496 4555 quasdam

232 4578 339 4643 literas
362 4592 476 4641 octavo
501 4579 553 4641 dle
577 4581 698 4661 absque
723 4578 956 4661 prorogacione
981 4578 1131 4641 exhibere
1155 4578 1259 4641 debet.

339 4702 416 4764 ltem
434 4702 596 4765 lohannes
612 4703 771 4786 Tauchyn
796 4716 827 4765 et
843 4702 989 4764 Thomas
1010 4703 1141 4786 Dragyn
1158 4715 1268 4765 contra
1291 4700 1495 4765 Anthonium

233 4816 347 4870 octavo
373 4808 424 4870 die
453 4808 704 4889 respondebunt.
