3472 5234
590 366 786 442 Ann01377.
812 400 853 408 -
878 380 924 427 11.
949 366 1108 426 decembris.

301 582 396 658 Feria
426 593 525 657 sexta
554 588 709 675 proxima
747 594 825 657 ante
853 585 978 656 festum
1006 587 1101 656 beate
1129 586 1226 659 lucie
1253 589 1407 676 virginis.

729 752 789 816 (Il.
813 739 986 814 decembris).

328 879 437 940 Primo
461 877 623 940 lohannes
646 878 730 940 filius
755 878 837 940 Petri
867 891 977 940 contra
1002 877 1147 961 Stoywlk
1171 877 1355 959 ensiparum
1379 877 1484 960 primo

221 987 335 1049 citatus
359 1006 423 1047 non
453 985 642 1068 comparuit.

328 1092 405 1153 Item
432 1092 613 1174 Stephanus
636 1090 721 1152 filius
750 1091 842 1153 Pauli
874 1091 1015 1153 concivis
1039 1104 1147 1152 noster
1177 1109 1276 1170 gener
1300 1089 1383 1152 Petri
1409 1089 1486 1151 dicti

222 1197 333 1261 Touth
358 1211 467 1260 contra
500 1197 720 1259 Alexandrum
751 1217 845 1258 suum
876 1210 911 1259 ut
942 1197 1053 1258 debuit
1085 1196 1234 1279 deposuit
1257 1195 1486 1277 juramentum,

221 1325 316 1387 super
340 1305 458 1386 quibus
482 1304 621 1365 eundem
647 1304 846 1386 Stephanum
870 1303 1069 1365 reddidimus
1093 1301 1290 1384 expeditum.

328 1411 405 1473 Item
432 1409 591 1490 Georgius
607 1422 717 1471 contra
735 1407 914 1470 iohannem
932 1423 1046 1471 octavo
1070 1408 1121 1469 die
1138 1407 1255 1489 jurabit
1272 1409 1305 1469 in
1329 1429 1379 1487 eo,
1396 1409 1485 1490 quod
1590 1424 1593 1430 ·

222 1516 288 1600 ipse
314 1536 372 1579 nec
396 1516 495 1579 homo
519 1536 594 1578 suus
618 1516 677 1577 sibi
706 1515 832 1576 nullum
864 1515 1040 1597 dampnum
1066 1534 1123 1576 nec
1149 1513 1267 1576 lurtum
1294 1514 1485 1578 intulissent.

329 1623 408 1685 Item
434 1643 528 1685 causa
561 1621 693 1703 Georgii
727 1634 757 1683 et
783 1621 937 1683 lohannis
968 1633 1015 1683 est
1043 1641 1099 1704 per
1123 1620 1304 1683 lohannem
1328 1621 1485 1684 decanum

220 1730 260 1793 ad
284 1746 358 1793 octo
383 1730 451 1791 dies
475 1741 599 1810 recepta
625 1728 665 1788 ad
690 1748 815 1809 pacem.

327 1838 403 1899 ltem
432 1836 585 1919 Gyurgek
608 1848 718 1897 contra
741 1834 903 1896 Andream
928 1847 1081 1895 sartorem
1110 1834 1198 1895 solus
1221 1848 1335 1895 octavo
1360 1831 1412 1894 die
1437 1831 1484 1914 ju·

224 1945 316 2024 rabit,
340 1943 429 2026 quod
454 1943 521 2026 ipse
545 1941 683 2003 eundem
702 1941 864 2002 Andream
882 1960 954 2002 curn
972 1940 1037 2002 suis
1059 1940 1154 2001 sociis
1170 1960 1235 2001 non
1260 1939 1488 2021 vituperaverit

221 2071 279 2113 nec
301 2050 386 2134 ipsos
409 2049 449 2111 de
474 2049 573 2110 domo
597 2048 790 2109 exclusisset.

329 2158 405 2219 ltem
439 2156 554 2218 eodem
587 2154 639 2216 die
663 2173 743 2215 uxor
776 2153 874 2236 ipsius
899 2152 1051 2236 Gyurgek
1080 2174 1112 2214 se
1144 2152 1283 2214 secunda
1309 2151 1425 2232 jurabit
1450 2151 1482 2212 in

222 2283 272 2342 e0,
297 2262 384 2345 quod
410 2262 476 2344 ipsa
501 2260 639 2322 eundem
663 2260 826 2322 Andreum
852 2280 916 2321 non
939 2259 1167 2341 vituperaverit
1192 2259 1224 2319 in
1249 2279 1321 2320 area
1346 2256 1417 2320 lori.

325 2369 403 2430 ltem
428 2369 537 2429 relicta
562 2366 667 2450 Gyley
687 2364 804 2428 'octavo
829 2367 881 2427 die
913 2386 969 2448 per
994 2366 1245 2446 Zwethkonem‚
1271 2367 1485 2428 Marcusinam

221 2489 252 2537 et
275 2490 409 2538 matrem
434 2494 523 2536 suam
549 2475 695 2536 atestabit
719 2494 814 2556 super
838 2476 932 2535 rebus
956 2474 1077 2536 Jaltme.

327 2583 405 2644 ltem
432 2581 566 2663 Bogdan
584 2595 693 2643 contra
710 2580 852 2642 relictam
871 2579 1041 2662 Hergoche
1058 2595 1173 2641 octavo
1198 2580 1249 2640 die
1268 2578 1485 2661 respondebit.

327 2689 403 2751 ltem
430 2688 619 2749 Pauerlinus
648 2701 757 2748 contra
791 2686 971 2747 iohannem
1004 2685 1165 2748 literatum
1197 2685 1339 2747 secundo
1372 2686 1487 2746 citatus

220 2816 285 2857 non
310 2795 499 2876 comparuit.

326 2902 404 2963 ltem
428 2921 522 2963 causa
547 2900 693 2982 Dyonisii
726 2914 756 2961 et
789 2899 937 2980 Gregorii
962 2911 1008 2960 est
1039 2918 1096 2980 per
1121 2898 1319 2981 Stephanum
1345 2898 1385 2960 ad
1411 2910 1485 2959 octo

221 3007 288 3069 dies
312 3022 438 3090 recepta
463 3006 503 3068 ad
529 3026 648 3089 pacem.

326 3114 403 3175 ltem
430 3115 515 3174 Luca
541 3112 680 3174 carnifex
704 3124 813 3173 contra
838 3111 980 3173 lwanum
1006 3125 1120 3173 octavo
1145 3111 1197 3172 die
1222 3111 1439 3193 respondebit.

326 3220 404 3282 ltem
438 3220 546 3281 relicta
580 3218 687 3280 Mathe
717 3218 756 3280 de
789 3217 973 3280 Crauarzka
1005 3231 1121 3279 octavo
1152 3217 1203 3279 die
1229 3237 1285 3300 per
1311 3217 1485 3279 Martinum

220 3327 327 3408 ergavi
353 3340 385 3389 et
410 3326 609 3388 Demetrium
635 3325 845 3406 joculatorem
871 3325 1019 3386 atestabit
1042 3344 1137 3407 super
1166 3345 1216 3404 eo,
1240 3325 1328 3407 quod
1353 3324 1413 3407 ipsi
1439 3324 1486 3386 di·

220 3447 292 3494 cent
316 3452 373 3514 pro
398 3446 518 3514 quanta
543 3432 676 3514 pecunia
702 3431 781 3492 duas
806 3432 915 3491 vineas
939 3430 1024 3491 idern
1056 3430 1163 3492 Mathe
1188 3430 1396 3493 vendidisset.

326 3539 403 3601 ltetn
435 3538 544 3600 relicta
577 3538 763 3600 Peterltonis
794 3538 898 3620 primo
931 3536 1051 3617 judicio
1087 3557 1182 3619 super
1214 3537 1316 3599 fundo
1341 3537 1486 3602 Guziche

219 3644 288 3727 jura
313 3644 448 3706 literalia
471 3645 497 3705 si
522 3664 585 3725 qua
609 3643 756 3706 habuerit
780 3643 946 3724 producet.

328 3752 406 3813 ltem
443 3752 593 3813 Marenus
625 3764 734 3812 contra
767 3750 971 3811 Clementem
1006 3762 1122 3811 octavo
1147 3749 1198 3811 die
1231 3750 1348 3829 jurabit
1379 3751 1410 3813 in
1436 3772 1486 3832 eo,

219 3857 308 3939 quod
333 3857 399 3940 ipse
423 3877 516 3919 suum
541 3859 659 3919 bovem
684 3857 863 3918 voluntarie
889 3876 953 3918 non
979 3854 1181 3919 interfecerit.

326 3964 403 4026 ltem
429 3984 522 4025 causa
548 3963 638 4025 Pauli
664 3962 821 4045 Chaplich
854 3976 884 4023 et
910 3962 1044 4044 Mykech
1069 3961 1185 4042 Magde
1211 3977 1257 4024 est
1281 3983 1337 4045 per
1360 3965 1485 4027 Antho-

220 4071 311 4133 nium
336 4072 439 4132 Reniz
463 4070 504 4131 ad
530 4084 602 4132 octo
628 4069 696 4132 dies
720 4083 845 4151 recepta
870 4069 911 4129 ad
941 4088 1064 4149 pacem.

331 4177 407 4238 ltem
434 4176 595 4237 lohannes
613 4175 775 4238 Chemerii
794 4174 871 4236 leria
887 4174 985 4236 tercia
1001 4194 1086 4236 nunc
1109 4189 1243 4238 ventura
1260 4189 1486 4238 testamentum

221 4281 377 4345 Anthonii
404 4283 515 4344 decani
541 4282 691 4345 exhibere
708 4283 814 4361 debet,
831 4281 856 4342 si
874 4281 1030 4359 habuerit,
1048 4297 1158 4344 contra
1182 4283 1389 4344 Dominicutn
1410 4284 1486 4344 Pro·

219 4390 403 4453 vincialem.

327 4497 406 4559 ltem
440 4497 615 4558 Merclinus
645 4509 733 4557 sutor
765 4510 874 4558 contra
907 4495 1085 4578 Georgium
1117 4494 1209 4558 Plath
1237 4495 1342 4577 primo
1375 4495 1487 4557 citatus

220 4623 286 4666 non
312 4603 503 4686 comparuit.

328 4710 405 4772 ltem
430 4708 537 4770 Vidlro
562 4709 713 4789 antiquus
743 4720 852 4769 contra
885 4707 1078 4790 Dyonisium
1111 4706 1253 4768 secundo
1285 4707 1398 4769 citatus
1421 4727 1485 4769 non

223 4816 414 4898 comparuit.

329 4922 408 4984 ltem
432 4920 629 4983 Wllrouicha
647 4934 757 4983 contra
782 4921 962 4983 lohannem
979 4920 1084 5002 primo
1102 4919 1197 4982 citata
1213 4938 1279 4982 non
1297 4919 1486 5002 comparuit,
