3472 5234
583 322 781 401 Ann01386.
809 359 853 369 —
876 336 923 401 17.
948 327 1075 399 augenti.
1402 323 1459 383 261

304 536 382 598 Item
401 556 494 598 causa
512 535 626 617 Jaklyn
644 549 754 596 contra
767 535 947 597 Johannem
963 536 1003 597 ad
1021 550 1172 597 octavum
1189 536 1275 597 diem
1294 535 1334 597 ad
1351 554 1463 618 pacem

199 658 245 705 est
272 663 341 704 rece
368 657 408 704 ta.

306 664 383 809 ltein
413 747 520 809 Mathe
553 746 710 829 Ztoysych
744 761 857 809 octavo
889 747 941 808 die
971 747 1059 809 solus
1091 747 1209 829 jurabit
1241 747 1329 828 quod
1362 747 1464 808 tribus

198 856 305 936 pensis
329 854 533 915 denariorum
559 852 718 915 Woschar
740 853 866 915 debitor
890 873 956 914 non
980 854 1029 914 sit.

303 960 382 1021 item
407 960 492 1020 idem
519 958 626 1020 Mathe
651 959 749 1020 tercio
773 979 805 1020 se
830 972 944 1021 octavo
969 959 1020 1020 die
1044 958 1173 1041 jurabit,
1198 959 1286 1040 quod
1312 959 1378 1040 ipse
1403 979 1457 1040 pe·

199 1085 299 1146 pones
323 1065 482 1128 Woschar
506 1084 571 1126 non
596 1065 810 1126 subtraxisset.

304 1171 382 1232 Item
411 1171 577 1232 Emericus
601 1184 710 1232 contra
735 1168 875 1232 Golozlo
899 1171 1004 1251 primo
1033 1170 1146 1231 citatus
1181 1189 1246 1231 non
1271 1170 1460 1253 comparuit.

304 1277 382 1339 Item
408 1277 519 1338 Petrus
543 1276 659 1357 longus
675 1296 776 1357 usque
801 1291 950 1338 octavum
967 1276 1053 1338 diem
1077 1276 1117 1337 de
1134 1296 1190 1337 sua
1215 1289 1362 1338 consorte
1381 1274 1459 1338 Gre-

197 1383 289 1463 gorio
314 1382 431 1464 Angeli
455 1380 637 1444 satisfaciat.

301 1487 380 1549 item
404 1507 498 1548 causa
523 1487 630 1568 Egidii
663 1487 835 1548 sacerdotis
867 1501 898 1550 et
931 1488 1085 1549 Johannis
1109 1487 1226 1549 literati
1259 1501 1368 1548 contra
1404 1486 1462 1548 do·

195 1592 316 1654 minam
339 1612 467 1654 socrum
491 1593 645 1654 Johannis
666 1592 764 1654 Vasas
787 1593 827 1654 ad
850 1607 922 1655 octo
948 1593 1016 1654 dies
1040 1606 1086 1654 est
1109 1605 1247 1673 recepta.

301 1697 381 1761 Item
406 1718 499 1760 causa
524 1699 680 1760 lobannis
703 1713 813 1760 contra
845 1699 1025 1761 Johannem
1050 1698 1200 1782 Grachyn
1225 1701 1265 1760 ad
1291 1712 1364 1761 octo
1389 1699 1456 1760 dies

198 1816 244 1863 est
267 1817 448 1885 prorogata.

302 1910 378 1971 Item
404 1910 557 1972 Nicolaus
580 1910 664 1973 filius
688 1911 812 1973 Nicolai
837 1912 875 1973 de
902 1912 1009 1973 Mlaka
1041 1924 1155 1973 octavo
1179 1913 1231 1973 die
1256 1912 1398 1974 secundo
1424 1931 1456 1972 se

195 2035 290 2098 super
316 2036 354 2078 eo
375 2016 503 2098 jurabit,
528 2018 616 2098 quod
639 2018 776 2080 condam
794 2016 971 2099 Gregorius
987 2018 1130 2081 literatus
1145 2019 1205 2080 sibi
1230 2018 1371 2080 sedecim
1388 2017 1458 2081 flor.

194 2122 261 2182 auri
286 2142 349 2183 non
374 2123 589 2205 persolvisset.

300 2227 379 2289 ltem
404 2248 496 2290 causa
521 2228 674 2311 Pondych
699 2249 771 2290 cum
789 2228 856 2291 filio
880 2249 939 2291 suo
963 2230 1002 2290 ad
1028 2244 1101 2291 octo
1126 2230 1194 2290 dies
1211 2243 1257 2291 est
1280 2244 1459 2311 prorogata.

300 2333 378 2395 Item
396 2333 544 2396 Matheus
560 2335 731 2418 Hlebopelr
748 2350 861 2397 octavo
878 2335 929 2398 die
946 2336 1088 2397 secundo
1105 2356 1137 2396 se
1162 2356 1258 2419 super
1275 2356 1314 2400 eo
1330 2335 1459 2418 jurabit,

196 2439 283 2517 quod
308 2439 375 2519 ipse
401 2440 530 2501 Petrum
554 2441 746 2522 Hungarum
778 2461 883 2522 neque
908 2462 997 2503 suam
1031 2456 1212 2503 consortem
1237 2443 1459 2525 vituperasset.

299 2545 376 2606 Item
402 2546 488 2607 idem
512 2567 607 2628 super
639 2567 677 2609 eo
709 2561 823 2609 octavo
856 2548 907 2609 die
931 2549 1030 2610 tercio
1054 2568 1087 2610 se
1119 2548 1248 2627 jurabit,
1274 2548 1362 2629 quod
1389 2549 1456 2629 ipse

195 2669 300 2730 neque
325 2652 373 2712 sui
398 2652 546 2714 homines
574 2653 729 2733 quasdam
761 2653 840 2714 duas
864 2667 1028 2734 serpentes
1051 2655 1083 2715 in
1117 2654 1252 2715 domum
1277 2672 1368 2714 suam
1392 2672 1458 2715 non

194 2757 385 2837 posuissent.

298 2863 376 2925 ltem
402 2863 490 2944 quod
515 2864 589 2944 quia
607 2864 768 2927 lohannes
793 2865 889 2926 Liber
912 2863 1013 2926 lassus
1029 2864 1139 2926 luisset
1156 2865 1245 2946 quod
1271 2865 1452 2947 Stephanus

192 2965 277 3028 filius
302 2968 393 3029 Pauli
418 2988 526 3029 secum
551 2968 591 3028 ad
628 2970 783 3049 quasdam
805 2971 873 3031 vias
904 2970 1097 3032 ambulasset
1128 2984 1159 3032 et
1182 2970 1288 3032 eidem
1313 2970 1455 3032 Johanni

192 3072 333 3134 sedecim
358 3094 472 3155 pensas
494 3074 701 3136 denariorum
725 3076 935 3154 reseravisset,
968 3077 1042 3138 ideo
1067 3078 1151 3158 ipsas
1173 3076 1315 3138 sedecim
1340 3097 1455 3158 pensas

194 3179 300 3240 eidem
332 3180 496 3261 Stephano
529 3200 628 3261 usque
661 3182 841 3262 quindenas
873 3182 997 3244 solvere
1030 3183 1142 3259 debet;
1178 3183 1245 3264 ipse
1270 3197 1378 3244 autem
1403 3183 1456 3245 Jo-

196 3283 318 3346 hannes
343 3285 383 3346 ad
407 3287 557 3367 antiquos
580 3285 702 3366 judices
726 3287 828 3369 ipsam
852 3308 980 3350 causam
1004 3289 1205 3372 appellasset.

297 3391 374 3453 Item
399 3392 486 3452 idem
510 3391 672 3453 lohannes
701 3407 815 3455 octavo
847 3394 898 3455 die
923 3414 1018 3476 super
1048 3414 1087 3457 eo
1111 3395 1240 3475 jurabit,
1272 3395 1360 3476 quod
1387 3396 1454 3477 ipse

194 3495 299 3557 eidem
327 3497 490 3579 Stephano
516 3497 560 3559 nil
585 3497 657 3579 plus
681 3498 807 3561 debitor
830 3498 950 3564 fuisset.

300 3602 376 3664 Item
403 3604 496 3664 Kone
520 3617 623 3665 textor
647 3619 760 3666 octavo
784 3605 837 3667 die
853 3606 952 3667 tercio
975 3626 1008 3668 se
1032 3625 1189 3688 supereo
1213 3606 1342 3688 jurabit,
1367 3607 1457 3688 quod

192 3709 259 3790 ipse
285 3710 315 3770 in
342 3710 482 3790 quadam
506 3710 636 3772 accione
668 3726 777 3773 contra
803 3711 983 3775 Johannem
1008 3713 1104 3775 Liber
1127 3726 1209 3775 esset
1233 3713 1397 3777 innocens.

297 3833 375 3895 Item
401 3832 577 3915 Gregorius
601 3833 685 3896 filius
709 3835 820 3896 Ponda
843 3850 956 3898 octavo
973 3836 1024 3897 die
1048 3837 1148 3898 tercio
1171 3857 1204 3898 se
1228 3857 1323 3919 super
1347 3857 1386 3898 eo
1402 3837 1449 3917 ju-

191 3938 282 4013 rabit,
300 3939 388 4018 quod
406 3941 472 4021 ipse
490 3960 593 4021 neque
610 3961 686 4002 suus
699 3941 798 4002 homo
811 3960 931 4022 equum
946 3942 1036 4003 Pauli
1050 3940 1131 4003 iabri
1148 3962 1213 4004 non
1232 3940 1451 4006 interfecisset.

621 4157 718 4232 Feria
747 4169 846 4233 serta
874 4181 1028 4251 sequens.

715 4310 778 4392 (17.
802 4313 944 4395 augusta).

296 4447 372 4508 item
405 4449 588 4512 Anthonius
612 4452 788 4536 Petrenych
814 4469 922 4517 contra
956 4454 1140 4536 Chupinam
1164 4453 1307 4515 secundo
1336 4453 1451 4514 citatus

192 4571 256 4613 non
282 4555 471 4635 comparuit.

293 4658 371 4721 ltem
395 4661 540 4723 Andreas
562 4677 664 4724 sartor
688 4678 798 4725 contra
831 4663 947 4747 Gyuan
973 4663 1136 4727 Gallicum
1167 4665 1310 4728 secundo
1335 4666 1449 4727 citatus

189 4783 254 4824 non
280 4767 469 4848 comparuit.
