3472 5234
238 416 297 458 tto
616 396 806 470 Ann01377.
833 428 876 436 -
898 408 929 471 4.
955 395 1115 453 decembris.

339 606 415 667 ltem
442 605 601 685 Georgius
632 617 741 665 contra
774 602 937 665 Andream
969 618 1122 665 sartorem
1149 604 1255 686 primo
1288 604 1402 665 citatus
1434 622 1500 664 non

237 713 427 796 comparuit.

339 819 418 880 ltem
443 817 531 878 Luca
555 829 586 878 et
610 816 723 878 Marko
749 815 870 878 Gemez
895 830 1004 878 contra
1033 817 1168 878 luanum
1192 817 1297 899 primo
1322 815 1408 878 citati
1434 835 1500 877 non

235 937 496 1008 comparuerunt.

340 1031 417 1092 Item
443 1030 550 1092 Mathe
575 1043 606 1091 et
628 1030 783 1097 Nicolaus
814 1029 871 1091 filii
898 1029 1022 1091 Crisani
1056 1045 1165 1092 contra
1192 1029 1369 1092 Cristinum
1394 1027 1500 1110 primo

233 1138 319 1200 citati
345 1158 410 1200 non
435 1151 693 1219 comparuerunt.

340 1263 417 1324 Item
443 1282 535 1323 causa
566 1260 657 1322 Pauli
681 1274 712 1322 et
736 1260 865 1323 Martini
897 1274 943 1322 est
967 1281 1024 1343 per
1056 1261 1234 1323 Cristinum
1258 1261 1298 1321 ad
1323 1274 1397 1322 octo
1430 1257 1499 1320 dies

233 1384 359 1452 recepta
383 1372 423 1430 ad
448 1388 569 1451 pacem.

339 1477 417 1538 ltem
442 1495 535 1536 causa
561 1474 739 1536 Clementis
772 1487 802 1534 et
828 1474 949 1537 Mareni
982 1487 1027 1535 est
1049 1494 1107 1556 per
1132 1475 1350 1557 Dragozlaum
1382 1487 1412 1535 et
1437 1473 1498 1534 Mi·

234 1582 354 1643 clinum
380 1581 419 1643 ad
445 1596 518 1644 octo
543 1581 611 1642 dies
635 1595 759 1662 recepta
784 1580 823 1642 ad
848 1601 971 1661 pacem.

340 1707 419 1769 Item
437 1706 623 1789 Damyanus
640 1719 754 1767 octavo
767 1704 819 1766 die
836 1706 971 1767 literalia
986 1705 1195 1767 instrumenta
1213 1726 1308 1789 super
1324 1725 1381 1767 sua
1398 1704 1498 1766 domo

234 1813 379 1876 conlecta
395 1813 550 1896 producet
574 1832 682 1875 coram
699 1811 803 1889 nobis,
827 1832 925 1895 quam
949 1813 1009 1873 sibi
1027 1811 1135 1875 Mathe
1156 1812 1196 1874 de
1213 1812 1395 1874 Crauarzka
1420 1831 1497 1872 ven·

234 1921 377 1982 didisset.

340 2027 419 2088 ltem
438 2026 619 2087 Anthonius
644 2028 745 2088 Reniz
762 2042 871 2089 contra
896 2027 1066 2088 Nicolaum
1088 2026 1127 2087 de
1145 2027 1289 2109 Nezpesa
1313 2040 1428 2088 octavo
1445 2023 1498 2084 die

236 2133 323 2195 solus
349 2132 464 2212 jurabit
490 2133 521 2192 in
547 2153 597 2211 eo,
621 2133 708 2214 quod
735 2153 814 2195 uxor
838 2133 936 2215 ipsius
950 2134 1075 2194 Nicolai
1100 2134 1160 2194 sibi
1185 2134 1227 2193 tx
1252 2132 1321 2195 flor.
1346 2133 1414 2194 auri
1440 2132 1494 2193 de-

234 2241 341 2319 disset,
366 2254 400 2300 ut
431 2240 491 2301 sibi
523 2239 565 2300 ad-
588 2239 714 2301 Budam
747 2241 885 2301 mitteret
916 2239 1048 2322 peplum
1079 2238 1253 2300 emendum
1281 2258 1340 2320 pro
1365 2238 1498 2318 eisdem,

236 2359 267 2407 et
290 2366 356 2407 non
382 2346 477 2422 alias;
502 2346 568 2427 ipse
601 2361 707 2407 autem
733 2347 886 2407 Nicolaus
917 2346 1018 2428 ipsam
1051 2365 1178 2407 causam
1203 2345 1242 2406 ad
1275 2345 1426 2426 antiquos
1449 2344 1497 2426 ju·

234 2452 319 2514 dices
343 2452 527 2534 appellavit.
675 2516 684 2535 ⁸

339 2559 417 2620 ltem
451 2557 631 2640 Stephanus
662 2572 771 2619 contra
804 2557 1024 2619 Alexandrum
1058 2571 1172 2619 octavo
1197 2557 1249 2619 die
1280 2579 1313 2620 se
1337 2556 1498 2620 secundus
1602 2551 1605 2557 ’

232 2665 350 2748 jurabit
372 2665 460 2747 quod
484 2665 544 2726 sibi
570 2665 602 2725 in
626 2665 777 2726 omnibus
801 2664 840 2726 sit
864 2663 965 2745 justus
988 2679 1019 2725 et
1043 2665 1206 2726 immunis.

341 2791 419 2852 ltem
444 2791 597 2872 Baboyeb
621 2802 667 2850 est
692 2788 826 2849 omnino
854 2801 964 2849 contra
989 2788 1166 2849 lwaninum
1191 2787 1367 2870 expeditus.

340 2897 417 2958 Item
451 2916 544 2957 causa
577 2895 712 2974 Marem,
743 2894 868 2956 Nicolai
901 2908 931 2956 et
955 2894 1031 2955 luan
1064 2895 1337 2977 carpentariorum
1371 2906 1417 2955 est
1441 2912 1497 2975 per

233 3002 418 3084 judicesad
443 3016 516 3063 octo
541 3001 609 3062 dies
632 3015 801 3083 prorogata
825 2999 866 3061 ad
890 3020 1012 3082 pacem.

339 3110 417 3170 ltem
441 3109 559 3169 Paulus
583 3123 692 3168 contra
710 3108 880 3169 Nicolaum
904 3108 1009 3189 primo
1034 3108 1147 3169 citatus
1171 3126 1236 3168 non
1260 3107 1450 3189 comparuit.

340 3215 418 3275 ltem
443 3233 536 3275 causa
553 3234 602 3275 ser
620 3213 736 3296 Gyuan
758 3227 789 3275 et
805 3215 947 3296 magistri
972 3214 1126 3275 lohannis
1150 3213 1255 3296 Crispi
1281 3227 1328 3276 est
1350 3233 1407 3296 per
1431 3214 1496 3275 Do·

234 3333 344 3381 natum
369 3319 506 3380 condam
531 3318 669 3398 judicem
691 3335 834 3380 nostrum
859 3319 898 3380 ad
924 3335 996 3382 octo
1021 3321 1088 3381 dies
1113 3335 1237 3401 recepta
1262 3319 1301 3380 ad
1326 3339 1449 3401 pacem.

341 3444 419 3505 ltem
444 3442 595 3504 dominus
626 3444 820 3505 Jacomellus
852 3464 953 3525 usque
988 3444 1167 3525 quindenas
1199 3458 1316 3505 terram
1341 3443 1496 3505 iohannis

235 3548 398 3610 Chemerii
436 3568 494 3629 pro
528 3547 687 3630 predictis.
714 3548 751 3611 C.
778 3549 918 3631 p(ensis),
955 3551 987 3611 in
1013 3552 1100 3631 Krog
1137 3551 1342 3629 existentem,
1375 3570 1497 3611 venun-

234 3654 309 3716 dare
334 3654 438 3717 debet.

340 3761 417 3821 ltem
443 3760 573 3821 domina
598 3765 690 3823 Anna
708 3777 817 3824 contra
842 3762 1014 3845 Gyuanum
1040 3762 1181 3824 secundo
1199 3763 1292 3825 citata
1317 3782 1382 3824 non
1408 3781 1497 3826 com·

235 3866 349 3948 paruit.
836 3928 838 3931 .

343 3971 420 4032 ltem
447 3971 557 4033 Petrus
585 3972 669 4034 filius
701 3974 791 4033 Pauli
823 3988 937 4035 octavo
962 3973 1014 4035 die
1045 3994 1077 4036 se
1101 3976 1217 4036 tercius
1249 3975 1365 4054 jurabit
1389 3976 1421 4036 in
1447 3995 1498 4055 eo,

236 4077 324 4158 quod
350 4078 416 4159 ipse
441 4079 541 4139 nescit
564 4099 669 4160 neque
693 4080 783 4140 novit
807 4080 899 4141 illurn
924 4079 1089 4142 hominem
1114 4102 1130 4142 a
1156 4102 1221 4163 quo
1246 4082 1400 4163 quasdam
1419 4082 1498 4144 duas

236 4183 382 4244 camisias
407 4184 581 4246 muliebres
604 4185 829 4266 comparuerit.

341 4307 417 4367 ltem
444 4307 614 4388 Fabyanus
637 4309 779 4370 literatus
811 4323 841 4369 et
865 4309 1010 4370 Andreas
1033 4330 1065 4370 se
1098 4325 1211 4372 octavo
1236 4312 1287 4373 die
1311 4313 1496 4374 testimonio

236 4410 410 4471 Alexandri
437 4426 467 4472 et
490 4433 546 4474 sue
570 4414 676 4474 uxoris
700 4415 925 4477 submiserunt.

341 4534 419 4596 ltem
456 4537 567 4597 Marko
603 4535 724 4599 Gemez
759 4551 868 4599 contra
905 4537 1099 4619 Gregorium
1140 4542 1245 4622 primo
1281 4543 1394 4605 citatus
1430 4563 1495 4605 non

236 4640 425 4720 comparuit.

342 4745 419 4808 ltem
437 4747 513 4809 luan
537 4749 722 4810 testimonio
740 4751 874 4832 Mykech
894 4764 924 4813 et
942 4752 1136 4814 Wlltouicha
1161 4755 1308 4816 atestavit
1331 4755 1420 4837 quod
1436 4756 1497 4818 sibi

236 4851 367 4914 llinicha
391 4873 488 4915 unam
513 4874 651 4916 marcam
675 4868 837 4917 teneretur
860 4857 1075 4921 denariorum.
