3472 5234
623 346 823 426 Aen01385.
847 383 890 393 -
913 363 961 425 15.
985 352 1157 425 septembris.
1466 369 1524 429 251

264 569 362 644 Ferla
390 579 490 644 sexta
517 573 673 661 proxima
701 580 778 659 post
810 569 933 641 festum
961 558 1225 660 (Exaltacionis)
1263 576 1379 640 sancte
1408 572 1530 642 crucis.

761 728 826 800 (15.
856 720 1042 798 septembris).

373 862 451 925 ltem
476 862 595 924 Paulus
619 860 703 923 filius
720 860 881 923 Charanta
906 874 1016 923 contra
1033 861 1118 922 lwan
1144 875 1175 923 et
1197 860 1406 922 Valentinum
1423 859 1529 941 primo

266 969 380 1030 citatus
404 988 469 1030 non
495 967 684 1048 comparuit.

372 1074 450 1136 Item
475 1093 569 1134 causa
594 1073 704 1135 Jacobi
730 1072 810 1134 Bole
835 1086 944 1133 contra
962 1072 1114 1156 Gyanum
1140 1073 1180 1134 ad
1205 1086 1353 1134 octavum
1378 1071 1465 1132 diem
1489 1070 1529 1132 ad

264 1199 377 1262 pacem
402 1193 448 1241 est
472 1193 608 1260 recepta.

373 1284 451 1346 ltem
470 1284 581 1345 Marko
606 1282 691 1344 filius
715 1283 843 1344 Mikech
867 1283 1041 1364 quemdam
1067 1303 1187 1365 equum
1211 1298 1326 1344 octavo
1351 1282 1402 1342 die
1420 1296 1530 1343 contra

265 1391 422 1452 Jacobum
448 1390 527 1451 Bole
551 1401 689 1450 statuere
714 1389 819 1450 debet.

373 1496 450 1558 Item
475 1515 570 1557 causa
595 1493 753 1576 Zelcyrich
776 1507 885 1556 contra
918 1494 1130 1556 Benedictum
1156 1493 1320 1576 Scornych
1344 1506 1376 1555 et
1399 1491 1529 1554 fratrem

265 1622 359 1663 suum
385 1601 425 1662 ad
451 1615 601 1662 octavum
627 1599 713 1661 diem
737 1600 777 1660 ad
801 1618 913 1682 pacem
938 1614 984 1662 est
1007 1614 1144 1681 recepta.

370 1707 448 1768 ltem
474 1708 597 1789 Symon
629 1706 728 1788 dolgy
760 1719 868 1767 contra
894 1705 1095 1788 Mychaelem
1126 1704 1251 1767 fabrum
1276 1704 1382 1786 primo
1415 1705 1529 1766 citatus

264 1834 331 1876 non
357 1812 545 1894 comparuit.

372 1920 450 1981 Item
476 1938 568 1980 causa
594 1918 731 1980 Emerici
757 1917 918 2000 arcuparis
942 1929 973 1979 et
998 1917 1110 1979 Raden
1135 1933 1246 1980 contra
1271 1918 1386 1980 Kelniz
1411 1918 1450 1980 ad
1475 1938 1529 1980 oc·

264 2042 375 2089 tavum
399 2026 486 2087 diem
511 2024 551 2085 ad
575 2043 687 2107 pacem
711 2039 758 2086 est
782 2039 918 2106 recepta.

373 2132 560 2194 ltemcausa
584 2130 720 2213 Myklini
745 2145 855 2192 contra
879 2131 1072 2213 lurglynum
1104 2131 1288 2213 piliatorem
1312 2130 1353 2192 ad
1378 2145 1529 2194 octavum

264 2238 351 2300 diem
377 2238 415 2300 ad
441 2256 553 2319 pacem
578 2250 624 2298 est
653 2249 789 2318 recepta.

371 2342 450 2406 ltem
482 2363 577 2403 causa
610 2340 721 2402 famuli
753 2343 860 2403 Endre
892 2344 1053 2425 arcuparis
1084 2356 1195 2405 contra
1221 2344 1306 2406 lwan
1331 2343 1457 2406 fabrum
1489 2344 1530 2406 ad

264 2461 415 2511 octavum
440 2449 525 2510 diem
550 2447 590 2509 ad
616 2467 726 2529 pacem
752 2461 798 2510 est
822 2462 958 2530 recepta.

369 2554 448 2616 Item
473 2554 645 2636 Dragonya
669 2566 779 2615 contra
805 2552 985 2635 Georgium
1015 2568 1157 2616 sutorem
1181 2556 1287 2638 primo
1324 2556 1437 2618 citatus
1462 2576 1528 2618 non

265 2661 456 2743 comparuit.

369 2765 448 2828 ltem
473 2765 636 2827 lohannes
659 2764 828 2847 Praudych
853 2779 962 2826 contra
992 2764 1170 2846 Georgium
1194 2767 1300 2849 primo
1325 2767 1438 2828 citatus
1463 2787 1528 2829 non

265 2873 458 2953 comparuit.

371 2978 449 3040 Item
467 2996 561 3039 causa
579 2977 676 3038 Blasii
693 2979 823 3039 sartoris
840 2992 950 3039 contra
968 2978 1131 3039 Andream
1148 2992 1303 3040 sartorem
1320 2978 1360 3040 ad
1378 2992 1529 3040 octavum

265 3084 352 3146 diem
376 3084 414 3144 ad
440 3103 552 3166 pacem
577 3094 623 3145 est
647 3097 783 3164 recepta.

369 3191 448 3252 ltem
483 3210 577 3252 causa
614 3189 762 3271 Gregorii
794 3205 905 3252 contra
938 3190 1073 3252 Paulum
1109 3191 1150 3252 ad
1182 3204 1332 3252 octavum
1365 3190 1452 3253 diem
1487 3191 1529 3254 ad

264 3316 375 3379 pacem
401 3310 448 3358 est
471 3310 607 3379 recepta.

370 3402 447 3464 ltem
473 3403 611 3464 lacobus
634 3400 763 3486 pellifex
788 3416 897 3463 contra
922 3401 1009 3484 Span
1026 3401 1182 3483 quasdam
1205 3402 1313 3465 literas
1337 3415 1451 3464 octavo
1477 3402 1529 3463 die

265 3507 415 3570 exhibere
441 3508 545 3571 debet.

369 3615 446 3677 ltem
470 3636 563 3677 causa
590 3615 691 3677 Marci
715 3613 772 3676 lilii
797 3613 934 3697 Mykech
959 3626 1068 3675 contra
1093 3614 1179 3676 lwan
1204 3616 1245 3677 ad
1269 3629 1419 3678 octavum
1444 3616 1530 3679 diem

264 3720 305 3781 ad
331 3740 444 3802 pacem
469 3736 514 3784 est
538 3735 675 3803 recepta.

373 3826 451 3889 Item
475 3833 577 3908 Agata
603 3828 719 3889 mulier
735 3840 824 3889 sexto
846 3847 879 3889 se
903 3841 1017 3890 octavo
1042 3829 1093 3890 die
1117 3849 1212 3910 super
1229 3849 1268 3891 eo
1292 3829 1419 3910 jurabit,
1442 3829 1531 3911 quod

266 3931 334 4013 ipsa
358 3934 533 4014 quamdam
558 3934 724 3995 camisiam
748 3953 814 3995 non
839 3935 1054 3998 subtraxisset.

371 4038 449 4100 ltem
467 4045 594 4121 Agnesa
612 4040 719 4121 puella
743 4040 842 4102 tercio
859 4060 892 4102 se
908 4051 1022 4102 octavo
1047 4041 1099 4103 die
1116 4061 1211 4123 super
1234 4061 1272 4102 eo
1297 4040 1425 4122 jurabit,
1443 4041 1531 4122 quod

266 4143 440 4223 quamdam
465 4146 629 4207 camisiam
654 4165 719 4207 non
741 4145 957 4209 subtraxisset.

373 4249 452 4311 Item
469 4249 636 4312 fideiussor
654 4249 832 4331 Georgium
849 4250 953 4312 filium
971 4252 1056 4313 lwan
1071 4266 1185 4314 octavo
1202 4252 1254 4314 die
1271 4266 1407 4314 statuere
1425 4252 1531 4316 debet.

373 4356 451 4417 ltem
477 4357 640 4418 Johannes
663 4356 747 4418 filius
771 4357 890 4419 Donati
915 4373 1024 4419 contra
1059 4358 1171 4441 Cygan
1197 4378 1293 4421 suum
1315 4357 1532 4438 jurameutum

266 4482 331 4523 non
357 4462 506 4544 deposuit
530 4477 565 4524 ut
592 4462 738 4526 debebat.
