3472 5234
568 288 771 370 Ann01384.
795 325 838 337 -
860 306 910 369 23.
934 291 1108 366 septembris.
1410 309 1472 372 219

316 506 392 567 Item
426 505 529 566 Lucas
559 518 589 565 ct
613 504 691 565 alter
719 504 820 565 Lucas
856 515 966 563 contra
991 501 1112 584 Ztoyan
1146 500 1251 582 prImo
1285 500 1370 562 citati
1408 520 1473 562 non

211 626 469 695 comparuerunt.

315 719 392 780 Item
418 718 563 779 Thomas
589 717 729 797 Demsyn
762 728 871 776 contra
902 713 1044 775 relictam
1070 713 1187 775 Sulech
1219 713 1323 795 primo
1359 713 1473 774 citatus

212 846 276 887 non
306 839 495 907 comparuit.

318 932 396 994 Item
409 930 555 991 Thomas
568 929 709 1011 Demsyn
724 941 834 991 contra
848 928 955 991 Mathe
964 928 1069 1010 primo
1079 928 1192 990 citatus
1206 946 1269 988 non
1285 925 1473 1007 comparuit.

317 1057 395 1119 Item
421 1060 513 1117 Anna
538 1055 654 1117 mulier
678 1067 787 1115 contra
808 1054 936 1115 Petrum
962 1054 1033 1115 Mos
1055 1054 1161 1136 prImo
1186 1053 1279 1113 citata
1303 1070 1368 1112 non
1387 1069 1473 1112 com-

213 1177 327 1246 paruit.

316 1269 393 1331 Item
406 1268 576 1349 Dragonya
589 1281 699 1328 contra
713 1267 890 1349 Georgium
903 1280 1044 1327 sutorem
1057 1278 1171 1326 octavo
1188 1264 1240 1324 die
1255 1262 1472 1346 respondebit.

318 1392 396 1453 Item
416 1388 602 1470 Gregorius,
620 1390 801 1473 Stephanus
817 1388 995 1471 Chaplych,
1020 1388 1166 1450 Ceuetko
1185 1400 1292 1449 contra
1310 1386 1473 1447 Thomam

210 1513 241 1560 et
265 1498 349 1559 Iwan
376 1499 480 1579 prImo
505 1497 590 1558 citati
616 1516 681 1557 non
706 1509 964 1579 comparuerunt.

319 1604 396 1665 Item
420 1605 568 1665 Vrbanus
591 1617 701 1664 contra
726 1602 889 1665 Thomam
913 1601 1055 1664 secundo
1073 1602 1185 1663 citatus
1202 1620 1268 1662 non
1285 1598 1474 1680 comparuit.

317 1709 395 1772 Item
422 1710 540 1771 Paulus
572 1708 655 1771 filius
687 1709 847 1771 Charanta
879 1722 990 1770 contra
1021 1708 1228 1770 Valentinum
1253 1721 1283 1768 et
1308 1706 1394 1766 Iwan
1426 1723 1472 1765 se·

210 1816 316 1877 cundo
348 1817 462 1878 citatus
485 1836 550 1878 nou
575 1816 765 1899 comparuit.

318 1941 396 2002 Item
419 1954 514 2002 testes
538 1960 666 2002 causam
689 1939 866 2021 Mychaelis
883 1953 992 2001 contra
1011 1940 1129 2001 Lucam
1155 1939 1194 2001 ad
1220 1953 1369 2001 octavum
1387 1940 1473 2001 diem

212 2048 251 2108 ad
278 2068 390 2129 pacem
415 2059 611 2129 receperunt.

316 2154 393 2215 Item
420 2153 579 2215 Janchech
605 2151 764 2214 aurifaber
788 2166 897 2214 contra
915 2152 1095 2216 Iohannem
1119 2154 1216 2215 Vasas
1240 2154 1345 2235 prImo
1362 2154 1475 2215 citatus

212 2280 276 2322 non
302 2261 491 2343 comparuit.

316 2364 393 2429 Item
419 2367 578 2449 Georgius
601 2365 823 2428 stachunarius
854 2381 964 2427 contra
997 2365 1198 2449 Mychaelem
1232 2366 1336 2448 primo
1361 2366 1474 2428 citatus

212 2492 276 2534 non
303 2475 492 2555 comparuit.

317 2580 395 2642 Item
420 2580 582 2642 Iohannes
607 2579 764 2641 Praudich
790 2592 898 2640 contra
918 2576 1095 2659 Georgium
1119 2578 1262 2640 secundo
1281 2579 1393 2639 citatus
1410 2597 1475 2638 non

212 2686 403 2767 comparuit.

319 2791 395 2853 Item
420 2811 513 2852 causa
532 2792 614 2853 iuter
630 2790 824 2872 Gregorium
842 2790 942 2852 hlium
965 2790 1103 2853 Plauech
1128 2804 1158 2852 et
1175 2790 1354 2872 Georqum
1371 2789 1474 2851 fiIIum

212 2899 296 2959 Iwan
323 2899 364 2959 ita
391 2912 437 2960 est
461 2898 611 2979 judicata,
636 2897 724 2979 quod
754 2898 839 2959 idem
872 2897 1032 2979 Georgius
1062 2897 1297 2979 quinquaginta
1329 2896 1476 2958 homines

214 3004 301 3065 illius
335 3004 535 3066 condicionis
565 3005 654 3065 cuius
686 3017 733 3066 est
757 3004 822 3086 ipse
853 3018 989 3065 statuere
1022 3003 1162 3082 deberet,
1194 3016 1224 3065 et
1257 3022 1330 3065 cum
1362 3002 1475 3084 viginti

212 3111 356 3191 quinque
381 3111 526 3192 personis
549 3109 652 3191 jurare
681 3109 812 3172 deberet
844 3110 876 3171 ia
909 3130 958 3188 eo,
983 3109 1071 3191 quod
1104 3109 1170 3191 ipse
1196 3109 1227 3170 in
1252 3108 1475 3172 interiectione

214 3215 273 3277 OrI
299 3214 403 3278 fratris
427 3216 502 3278 dicti
528 3216 676 3297 Gregorii
701 3217 855 3278 innocens
872 3230 936 3293 est;
960 3229 1147 3299 procurator
1163 3230 1270 3278 autem
1295 3215 1371 3278 dicti
1396 3214 1475 3278 Gre-

212 3323 293 3404 gorii
319 3323 359 3383 ad
383 3323 534 3404 antiquos
557 3322 679 3403 judices
703 3322 885 3405 appellavit.

319 3447 398 3508 Item
424 3447 558 3530 Symoni
591 3447 658 3508 filio
683 3446 860 3508 Wlkouich
891 3466 973 3528 pena
997 3461 1043 3509 est
1073 3447 1177 3530 posita
1208 3449 1267 3508 sub
1291 3447 1476 3529 perdicione

212 3572 327 3614 manus
350 3574 416 3633 sue,
442 3552 530 3635 quod
562 3554 628 3635 ipse
661 3553 691 3613 In
725 3552 859 3614 domum
890 3553 957 3614 Kus
988 3555 1108 3634 absque
1140 3554 1304 3615 voluntate
1329 3574 1385 3615 sua
1409 3574 1474 3616 non

213 3660 328 3722 debeat
356 3661 483 3723 intrare.

318 3767 395 3828 Item
421 3786 514 3828 causa
539 3766 648 3828 Jacobi
673 3779 784 3827 contra
810 3766 952 3827 Marcum
971 3764 1074 3827 filium
1100 3766 1236 3849 Mykech
1261 3766 1301 3828 ad
1324 3782 1474 3829 octavum

214 3873 298 3935 diem
325 3887 371 3934 est
394 3886 573 3954 prorogata.

320 3979 397 4040 Item
415 3979 522 4040 Mathe
539 3993 626 4040 sutor
640 3992 753 4040 octavo
771 3977 822 4039 die
839 3998 935 4059 super
952 3991 1073 4059 quanto
1090 3978 1157 4069 ipse
1174 3977 1301 4059 jurabit,
1318 3991 1474 4059 quantum

214 4085 301 4167 porci
325 4086 373 4145 sui
397 4084 462 4145 duo
486 4085 638 4163 valerent,
662 4084 723 4146 hoc
746 4084 806 4145 sibi
833 4082 957 4146 Malech
986 4083 1125 4146 carnifex
1149 4084 1273 4145 solvere
1298 4084 1402 4146 debet.

320 4207 398 4269 Item
424 4208 561 4269 Iohanni
587 4207 678 4270 fabro
703 4222 816 4271 octavo
841 4207 892 4269 die
917 4207 1058 4268 secundo
1086 4227 1120 4268 se
1144 4207 1175 4267 in
1201 4205 1285 4269 Iacto
1309 4205 1475 4268 cuiusdam

216 4313 378 4391 forticinII,
404 4314 435 4375 in
460 4333 526 4396 quo
552 4315 656 4396 ipsum
680 4314 795 4376 Valesa
824 4313 1029 4396 inculpasset,
1061 4311 1121 4374 fuit
1152 4312 1368 4394 adjudicatum
1393 4312 1477 4393 jura·

215 4435 378 4496 mentum;
404 4421 470 4503 ipse
495 4433 603 4482 autem
627 4420 790 4482 Iohannes
813 4419 853 4481 ad
877 4420 1028 4501 antiquos
1057 4418 1178 4499 judices
1202 4419 1385 4500 appellavit.

322 4545 398 4606 Item
424 4546 505 4607 inter
537 4545 713 4626 Georgium
746 4559 897 4608 sartorem
930 4556 962 4605 et
989 4544 1133 4604 Marcum
1167 4542 1327 4605 Gallicum
1353 4543 1476 4605 eteius

216 4666 397 4714 consortem
422 4652 569 4713 universe
594 4670 687 4712 cause
713 4670 814 4732 usque
840 4670 924 4711 nunc
948 4661 1056 4710 exorte
1079 4662 1152 4710 sunt
1175 4649 1277 4732 sopite
1302 4663 1332 4709 et
1357 4649 1475 4726 sedate,

217 4770 248 4818 et
271 4776 339 4819 sese
364 4770 476 4818 mutuo
500 4757 731 4818 commiserunt
756 4755 932 4838 expeditos.
