3472 5234
271 334 310 397 32
631 315 717 372 Anno
740 313 828 391 1376.
855 347 894 356 -
921 314 1022 372 Mense
1040 312 1157 372 martio.

375 524 454 587 ltem
479 545 572 587 causa
599 523 747 605 Gregorii
781 536 811 585 et
834 524 943 584 relicte
975 523 1154 585 sabastiani
1179 522 1289 583 estad
1321 522 1459 603 primum
1484 520 1532 603 ju·

270 631 389 692 dicium
414 645 486 712 post
510 630 684 692 adventum
709 629 833 690 Nicolai
862 628 985 690 Odolas
1009 629 1048 690 de
1072 629 1178 690 Roma
1201 639 1383 710 prorogata.

374 736 452 798 Item
481 735 643 798 Johannes
681 734 817 817 pellipar
848 749 958 796 contra
994 734 1153 796 Briccium
1184 733 1290 816 primo
1322 732 1436 794 citatus
1468 751 1533 794 non

270 843 460 925 comparuit.

375 947 454 1010 ltem
479 947 635 1009 Martinus
652 945 824 1026 Zequirich
841 958 955 1007 octavo
973 944 1024 1006 die
1048 964 1106 1026 per
1122 943 1275 1026 Gyurgek
1300 957 1331 1005 et
1356 942 1533 1025 Georgium

271 1053 499 1115 stacionarium
523 1066 634 1114 contra
652 1051 842 1132 magistrum
859 1048 1037 1112 Francham
1063 1049 1260 1111 aurifabrum
1277 1049 1424 1130 atestabit
1439 1067 1535 1131 super

271 1177 321 1237 eo,
345 1157 434 1241 quod
458 1157 519 1219 sibi
544 1158 684 1239 quedam
710 1157 921 1219 instrumenta
945 1155 1083 1216 literalis
1108 1156 1307 1237 assignasset.

376 1265 456 1327 ltem
486 1283 581 1326 causa
611 1263 748 1325 Vidonis
775 1276 806 1324 et
836 1262 955 1325 Cosme
994 1260 1146 1322 aurifabri
1179 1274 1226 1323 est
1258 1280 1315 1343 per
1345 1260 1533 1341 magistrum

271 1371 416 1433 Francha
439 1368 637 1432 aurifabrum
661 1369 701 1430 ad
725 1383 799 1431 octo
823 1368 891 1430 dies
913 1381 1039 1451 recepta
1064 1367 1104 1428 ad
1128 1386 1250 1449 pacem.

380 1478 457 1539 ltem
482 1476 602 1537 Mathia
626 1475 843 1557 carpentarius
859 1486 973 1535 octavo
997 1472 1048 1534 die
1073 1492 1129 1554 per
1145 1471 1280 1534 fuchech
1304 1486 1335 1534 et
1356 1470 1534 1553 Georgium

274 1582 509 1665 carpentarium
531 1581 679 1643 atestabit
702 1580 790 1661 quod
815 1580 921 1663 ipsum
946 1578 1108 1641 Johannes
1131 1580 1338 1641 verberasset.

379 1689 458 1750 Item
483 1686 600 1771 Gyuan
625 1700 656 1748 et
678 1686 860 1748 Alexander
891 1698 1000 1747 contra
1030 1683 1232 1746 Anthonium
1264 1684 1367 1745 Reniz
1390 1682 1533 1745 secundo

273 1795 359 1858 citati
383 1814 449 1857 non
473 1806 731 1877 comparuerunt.

379 1901 455 1962 Item
480 1900 558 1962 luan
582 1911 614 1961 et
638 1899 757 1961 Paulus
781 1912 891 1961 contra
914 1897 1050 1962 luanum
1080 1896 1222 1959 secundo
1247 1896 1333 1957 citati
1357 1914 1423 1956 nou
1447 1914 1535 1956 com·

274 2020 460 2088 paruerunt.

379 2112 459 2174 ltem
482 2111 636 2174 Nicolaus
658 2111 742 2173 filius
767 2111 904 2174 Mathias
928 2123 1038 2173 contra
1062 2128 1194 2171 uxorem
1218 2107 1332 2170 Friche
1362 2107 1468 2189 primo
1492 2107 1535 2168 ci·

273 2232 356 2281 tatus
379 2238 446 2280 non
470 2217 659 2301 comparuit.

379 2324 457 2385 ltem
482 2344 576 2386 causa
601 2322 734 2405 Georgii
758 2337 790 2385 et
813 2324 914 2384 Munk
939 2335 985 2384 est
1016 2342 1073 2405 per
1096 2335 1192 2384 testes
1215 2319 1255 2381 ad
1287 2320 1429 2403 primum
1452 2318 1535 2400 judi·

275 2430 361 2491 cium
386 2444 511 2512 recepta
536 2430 575 2490 ad
600 2448 721 2511 pacem.

381 2534 457 2596 ltem
475 2534 628 2617 Gyurgek
645 2534 782 2596 condam
798 2533 919 2616 juratus
934 2534 1081 2596 atestabit
1093 2547 1207 2595 octavo
1224 2532 1276 2595 die
1291 2553 1348 2616 per
1364 2533 1534 2596 Nicolaum

274 2653 305 2702 et
328 2641 507 2702 Barnabam
530 2641 729 2702 sacerdotem
753 2660 788 2702 ac
813 2639 1006 2721 Gregorium
1023 2659 1117 2722 super
1130 2640 1272 2720 quodam
1288 2651 1490 2702 testamento

380 2745 457 2807 ltem
482 2745 644 2807 Johannes
669 2746 766 2808 Pazar
790 2759 821 2807 et
851 2747 989 2808 Jacobus
1013 2759 1122 2808 contra
1151 2745 1337 2827 Dragonam
1361 2746 1466 2828 primo
1491 2745 1534 2807 ci-

274 2851 331 2913 tati
355 2871 419 2913 non
444 2866 703 2934 comparuerunt.

383 2958 460 3019 ltem
486 2958 684 3039 Sternusnog
709 2972 740 3020 et
763 2958 869 3021 Malka
894 2971 1004 3021 contra
1021 2958 1205 3039 Dragonam
1230 2957 1336 3039 primo
1361 2957 1447 3019 citati
1471 2978 1537 3020 non

275 3077 533 3145 comparuerunt.

381 3168 458 3229 ltem
484 3168 636 3229 Nicolaus
668 3168 814 3229 atestabit
845 3189 901 3251 per
933 3166 1017 3230 filios
1048 3168 1177 3250 Angeli,
1207 3167 1401 3249 Gregorium
1433 3165 1536 3229 filium

276 3272 421 3335 Pundich
446 3286 477 3335 et
501 3273 699 3356 Stephanum
723 3293 891 3355 supereo,
915 3274 1004 3356 quod
1028 3275 1103 3336 luan
1134 3275 1262 3337 Strosak
1287 3294 1343 3335 sua
1368 3275 1452 3334 bona
1476 3273 1536 3334 sibi

276 3379 457 3441 dimisisset.

382 3484 459 3546 ltem
484 3485 559 3565 quia
583 3483 746 3546 Johannes
770 3485 906 3566 pellipar
930 3484 1007 3546 false
1031 3483 1149 3566 juravit
1172 3499 1302 3569 propter
1325 3505 1381 3546 sua
1405 3485 1538 3547 vulnera

277 3604 386 3653 contra
410 3590 570 3652 Briccium
595 3589 721 3651 dicens:
739 3590 827 3671 quod
851 3591 977 3652 medico
993 3591 1023 3652 X
1040 3591 1178 3652 florenos
1201 3610 1260 3674 pro
1284 3591 1393 3652 labore
1417 3590 1538 3672 persol-

277 3696 382 3773 visset,
406 3714 479 3756 cum
503 3708 611 3756 tamen
634 3708 772 3777 quatuor
796 3696 1001 3779 persolverit;
1027 3697 1093 3780 ipse
1124 3697 1286 3759 Johannes
1310 3698 1341 3758 in
1367 3697 1539 3778 quindenis

277 3801 402 3862 Briccio
426 3812 499 3861 octo
524 3799 663 3862 florenos
686 3802 846 3881 restituet,
863 3804 1062 3884 Augustinus
1085 3816 1193 3865 autem
1213 3804 1361 3865 sacerdos
1385 3803 1538 3883 medicus,

277 3907 423 3968 similiter
447 3904 524 3967 false
548 3905 675 3987 juravit,
700 3927 777 3989 ergo
794 3909 930 3990 quilibet
946 3909 1090 3992 ipsorum
1110 3909 1143 3970 in
1167 3908 1302 3991 singulis
1318 3908 1374 3970 ΧΗ
1400 3908 1539 3971 denariis

277 4023 352 4074 sunt
375 4011 537 4094 deputati;
561 4012 628 4095 ipse
652 4027 760 4075 autem
784 4014 946 4076 lohannes
974 4015 1075 4097 ipsam
1101 4034 1228 4077 causam
1253 4014 1293 4076 ad
1318 4015 1468 4096 antiquos
1491 4015 1539 4096 ju·

279 4118 366 4180 dices
388 4117 571 4201 appellavit.

385 4222 463 4284 ltem
499 4224 666 4287 Marketho
701 4239 773 4287 octo
809 4225 860 4287 die
895 4246 928 4287 se
971 4227 1086 4288 tercius
1121 4226 1238 4308 jurabit
1279 4247 1373 4310 super
1409 4227 1539 4289 florenis

280 4328 501 4410 quadraginta.

387 4434 464 4495 ltem
488 4434 670 4497 Anthonius
703 4437 823 4518 juratus
852 4451 883 4498 et
913 4438 1070 4499 Martinus
1094 4438 1187 4521 Piper
1218 4452 1328 4501 contra
1361 4439 1539 4521 Georgium

280 4539 479 4602 sacerdotem
504 4540 582 4602 feria
606 4543 703 4604 tercia
726 4542 876 4624 jurabunt
900 4544 932 4605 in
956 4543 1040 4606 facto
1064 4544 1231 4606 cuiusdam
1254 4546 1355 4628 porci.

386 4644 465 4707 ltem
489 4646 606 4728 Gyuan
630 4661 738 4709 contra
764 4649 937 4710 Martinum
966 4649 1108 4711 secundo
1132 4651 1245 4712 citatus
1267 4670 1333 4713 non
1350 4650 1540 4735 comparuit.

386 4749 465 4813 ltem
478 4751 645 4814 Perztrech
661 4766 771 4815 contra
787 4754 994 4838 Dragonyam
1012 4769 1100 4818 actor
1112 4756 1249 4818 existens
1272 4776 1338 4818 non
1351 4756 1541 4840 comparuit.
