3474 5234
564 375 648 430 Anno
669 370 759 448 1387.
786 407 824 416 -
849 389 900 432 22.
925 377 1051 434 octobris.

288 582 367 643 Item
386 583 539 645 Herricus
555 582 685 666 pellifex
704 599 813 646 contra
825 585 911 667 Span
928 585 1033 666 primo
1051 586 1163 647 citatus
1176 606 1240 648 non
1257 589 1447 669 comparuit.

291 690 369 751 Item
387 689 524 752 Mathias
548 690 774 772 stipendiarius
798 704 908 753 contra
934 692 1090 774 Petrekyn
1115 693 1219 774 primo
1244 693 1357 755 citatus
1381 713 1446 755 non

181 796 371 878 comparuit.

289 903 366 965 Item
392 902 520 965 Mikech
544 903 784 966 molendinator
808 918 918 967 contra
950 904 1120 965 dominum
1145 904 1273 967 Petrum
1299 907 1446 968 terciario

180 1010 294 1072 citatus
318 1028 384 1071 non
409 1010 598 1092 comparuit.

287 1116 365 1178 Item
401 1115 569 1199 Philippus
600 1116 685 1178 filius
716 1117 833 1179 medici
868 1133 976 1179 contra
1008 1118 1145 1180 Mathias
1169 1132 1283 1181 octavo
1315 1119 1367 1181 die
1399 1140 1446 1182 re·

179 1223 361 1307 spondebit.

284 1330 363 1393 Item
389 1330 444 1391 Sib
471 1329 600 1392 Endree
624 1344 732 1392 contra
766 1331 954 1412 magistrum
981 1332 1116 1394 Paulum
1146 1332 1307 1395 literatum
1340 1334 1445 1416 primo

179 1437 293 1499 citatus
320 1456 386 1498 non
411 1436 601 1519 comparuit.

287 1544 366 1606 Item
383 1563 477 1606 causa
502 1542 633 1626 Mathey
651 1542 805 1624 luciliguli
823 1559 931 1606 contra
951 1545 1129 1606 Iohannem
1148 1545 1187 1606 ad
1214 1560 1287 1607 octo
1312 1546 1380 1607 dies
1404 1546 1444 1608 ad

179 1669 292 1733 pacem
317 1662 364 1712 est
388 1662 525 1732 recepta.

287 1757 365 1818 Item
391 1776 485 1818 causa
510 1770 618 1817 contra
643 1755 809 1818 dominam
831 1756 974 1818 relictam
999 1754 1141 1818 Rafaelis
1164 1756 1204 1818 ad
1232 1758 1371 1840 primum
1396 1757 1444 1838 ju·

178 1864 298 1926 dicium
333 1877 379 1925 est
411 1877 581 1945 prorogata
606 1881 644 1923 eo
677 1862 794 1941 modo,
820 1862 907 1944 quod
937 1864 1031 1924 ambe
1063 1878 1168 1945 partes
1198 1863 1265 1944 jura
1300 1865 1443 1946 ipsorum

178 1984 288 2033 contra
313 1990 381 2033 sese
400 1969 550 2031 exhibere
575 1968 704 2032 debent.

286 2076 364 2137 Item
389 2095 482 2137 causa
515 2074 669 2136 Iohannis
702 2075 862 2137 Horuatin
895 2089 1002 2136 contra
1036 2075 1208 2137 Nicolaum
1235 2075 1338 2137 lilium
1364 2076 1443 2137 Ger·

180 2182 286 2265 dogay
310 2180 388 2244 feria
413 2195 499 2242 sexta
524 2195 596 2264 post
620 2180 736 2243 festum
761 2182 845 2243 beati
868 2181 1044 2264 Mychaelis
1067 2162 1251 2263 archangeli
1276 2202 1377 2263 usque
1402 2182 1442 2243 ad

177 2302 250 2351 octo
275 2288 344 2350 dies
368 2301 415 2350 est
439 2301 619 2369 prorogata.

284 2394 362 2456 Item
393 2395 555 2456 Iohannes
579 2394 717 2456 condam
749 2393 843 2474 judex
875 2408 906 2455 et
930 2395 1092 2456 Iohannes
1125 2414 1240 2476 parvus
1264 2415 1299 2456 ac
1325 2393 1441 2477 Gyuan

179 2501 323 2564 Gallicus
357 2501 568 2583 quadraginta
600 2501 744 2582 quinque
776 2500 845 2563 flor.
877 2502 944 2562 auri
977 2520 1079 2582 usque
1114 2502 1293 2581 qulndenas
1316 2502 1441 2563 solvere

178 2607 297 2669 debent
332 2608 412 2669 Kele
449 2608 559 2689 nepoti
596 2606 723 2667 Andree
760 2607 905 2688 Hungari
938 2622 969 2668 et
1001 2608 1061 2667 alia
1097 2608 1216 2687 quein
1250 2620 1441 2669 testamento

177 2715 382 2776 continentur
406 2713 556 2775 videlicet
580 2713 717 2794 quilibet
753 2713 895 2796 ipsorum
919 2713 1049 2775 terciam
1082 2727 1222 2794 partem;
1248 2714 1306 2794 Ipsi
1332 2727 1440 2775 autem

177 2833 310 2901 uterque
337 2819 498 2881 Iohannes
523 2819 640 2880 dictam
674 2838 802 2880 causam
827 2819 867 2881 ad
899 2820 1049 2900 antiquos
1082 2819 1202 2900 judices
1227 2820 1439 2902 appellarunt.

283 2926 361 2987 Item
386 2924 663 3006 quemadmodum
689 2925 893 2986 medietatem
919 2924 1085 2986 cuiusdam
1115 2925 1241 3005 domus,
1265 2945 1327 3008 que
1352 2927 1439 3010 olym

176 3033 275 3095 Marci
307 3031 363 3094 filii
397 3031 551 3093 PutanIch
588 3030 766 3112 prefuisset,
791 3031 968 3092 kolendino
1004 3029 1188 3093 carnificum
1220 3053 1256 3094 ac
1288 3031 1440 3095 fratribus

174 3139 302 3200 claustri
327 3138 425 3199 sancti
451 3137 611 3198 Francisci
629 3135 820 3199 confessoris
844 3138 948 3219 primo
971 3137 1245 3218 adjudicaverunt,
1270 3139 1314 3201 sic
1339 3141 1439 3202 modo

174 3245 454 3310 confirmaverunt.

281 3354 359 3416 Item
385 3352 616 3414 Stachunarich
641 3366 750 3413 contra
776 3351 970 3433 Gregorium
1002 3352 1200 3414 aurifabrum
1224 3353 1371 3414 terciario
1396 3353 1439 3415 ci·

175 3476 258 3524 tatus
282 3480 348 3523 non
372 3459 563 3542 comparuit.

281 3569 360 3630 Item
386 3566 475 3649 quod
500 3567 575 3648 quia
601 3565 778 3647 Gregorius
802 3579 832 3627 et
863 3566 1016 3628 Nicolaus
1048 3566 1185 3628 condam
1210 3568 1373 3630 castellani
1398 3568 1438 3630 de

175 3673 257 3735 Ozel
284 3673 346 3755 jam
371 3673 518 3735 terciario
543 3686 652 3735 contra
679 3673 807 3734 Petrum
832 3671 960 3733 fratrem
989 3672 1126 3734 condam
1152 3672 1301 3754 Gregorii
1326 3674 1365 3735 ad
1390 3674 1437 3755 ju·

173 3778 293 3840 dicium
312 3797 377 3840 non
396 3792 655 3860 comparuerunt,
679 3779 753 3840 ideo
778 3778 924 3840 universa
942 3779 1026 3840 bona
1051 3799 1113 3860 que
1139 3781 1269 3861 reperiri
1293 3794 1437 3862 possunt,

175 3905 237 3966 que
252 3886 351 3968 ipsius
369 3884 517 3965 Gregorii
535 3883 735 3967 prefuissent,
754 3885 859 3947 eidem
878 3886 970 3947 Petro
988 3884 1074 3946 fratri
1092 3906 1151 3948 suo
1169 3886 1434 3967 adjudicavimus.

190 4119 287 4194 Feria
316 4125 422 4194 tercia
450 4126 605 4212 proxima
633 4131 709 4212 post
737 4124 860 4195 festum
889 4123 1045 4195 Undecim
1074 4125 1217 4195 millium
1244 4128 1421 4214 virginum.

684 4273 749 4354 (22.
774 4278 917 4351 octobris).

279 4415 356 4476 Item
382 4435 474 4477 causa
499 4416 646 4496 Magiche
670 4416 813 4477 mulieris
837 4432 947 4478 contra
978 4417 1161 4499 Philippum
1186 4417 1290 4479 lilium
1316 4417 1433 4479 medici

173 4541 275 4604 usque
300 4522 339 4584 ad
366 4535 438 4583 octo
463 4522 531 4583 dies
555 4523 595 4584 ad
620 4543 731 4604 pacem
757 4536 803 4585 est
830 4539 968 4605 recepta.

278 4629 355 4690 Item
381 4630 491 4690 Petrus
514 4629 655 4693 carnifex
679 4643 787 4692 contra
813 4632 898 4714 Span
931 4645 1046 4694 octavo
1071 4632 1123 4693 die
1148 4632 1364 4715 respondebit.

277 4736 355 4797 Item
372 4735 508 4797 Mathias
534 4737 761 4819 stipendiarius
785 4751 894 4800 contra
923 4739 1071 4821 Peterlyn
1104 4739 1293 4801 secundario
1318 4739 1432 4801 citatus

173 4861 238 4903 non
263 4842 451 4924 comparuit.
