3472 5234
220 339 280 400 ¹90
611 319 698 376 Anno
721 315 813 394 1383.
838 351 880 362 —
903 313 934 379 6.
959 320 1073 379 martii.

321 530 399 592 Item
417 549 511 591 causa
539 529 677 591 Dioniaii
710 543 820 592 contra
854 530 1047 591 Hanslinum
1076 529 1116 590 ad
1148 543 1298 592 octavum
1322 529 1408 592 diem
1440 531 1480 592 ad

214 655 326 719 pacem
351 648 398 697 est
422 648 558 718 recepta.

320 743 399 804 item
431 762 525 804 causa
558 741 688 804 Thome
719 755 830 805 contra
859 740 1053 824 Gregorium
1082 742 1122 803 ad
1155 756 1304 804 octavum
1329 743 1416 804 diem
1440 743 1480 804 ad

213 869 326 932 pacem
350 863 397 912 est
420 861 557 930 recepta.

389 1067 486 1141 Feria
514 1083 613 1140 sexta
649 1069 804 1175 proxima
832 1076 908 1156 post
936 1066 1134 1139 dominicam
1163 1070 1291 1141 Letare.

754 1236 800 1318 (6.
824 1239 944 1315 martit).

319 1397 397 1458 Item
420 1395 553 1457 domina
577 1395 687 1457 relicta
714 1395 815 1477 Sorga
839 1410 948 1457 contra
977 1396 1118 1457 Brumen
1143 1393 1339 1456 aurifabrum
1364 1408 1479 1456 octavo

213 1502 265 1564 die
289 1501 506 1584 respondebit.

317 1627 396 1689 Item
420 1645 514 1688 causa
539 1624 668 1688 Thome
693 1626 883 1708 carpentarii
917 1640 1027 1688 contra
1052 1625 1190 1687 Paulum
1215 1622 1414 1686 aurifabrum
1438 1623 1478 1684 ad

211 1748 361 1796 octavum
386 1732 473 1794 diem
496 1732 536 1793 ad
560 1751 674 1815 pacem
698 1745 745 1793 est
768 1747 904 1814 recepta.

318 1857 396 1918 Item
421 1855 581 1917 Henricus
604 1853 734 1937 pellifex
766 1868 797 1917 et
822 1856 905 1917 Rees
938 1870 1048 1918 contra
1081 1852 1236 1916 Mathiam
1268 1852 1408 1934 juratum
1431 1873 1478 1914 se-

212 1961 319 2024 cundo
344 1961 429 2023 citati
453 1980 520 2022 non
544 1974 803 2031 comparuerunt.

316 2085 396 2147 Item
420 2084 528 2146 Endre
554 2084 619 2166 Syb
644 2099 754 2147 contra
779 2084 940 2147 Janchech
964 2083 1161 2147 aurifabrum
1196 2081 1339 2145 secundo
1364 2081 1478 2142 citatus

211 2211 277 2254 non
302 2190 493 2273 comparuit.

317 2315 395 2377 Item
420 2313 585 2376 Curardus
614 2328 703 2376 sutor
735 2328 845 2377 contra
870 2313 1063 2396 Gregorium
1096 2312 1239 2375 secundo
1264 2311 1379 2373 citatus
1410 2328 1476 2370 non

212 2422 402 2505 comparuit.

316 2547 394 2607 item
419 2545 517 2628 Elyaa
539 2565 657 2629 parvus
673 2561 784 2608 contra
810 2543 1008 2626 Stephanum
1025 2545 1092 2605 Rez
1110 2541 1253 2604 secundo
1280 2541 1394 2602 citatus
1410 2558 1477 2600 non

211 2653 401 2736 comparuit.

315 2759 394 2821 Item
419 2759 566 2842 Mychael
590 2758 676 2820 filius
700 2757 850 2818 Damiani
882 2768 991 2818 contra
1025 2754 1179 2816 Mathiam
1204 2766 1319 2814 octavo
1344 2752 1395 2813 die
1427 2771 1476 2812 re-

210 2863 392 2946 spondebit.

315 2969 393 3030 Item
410 2969 579 3030 Ladislaus
602 2970 685 3031 tular
709 2982 819 3030 contra
845 2966 1004 3029 Briccium
1029 2980 1171 3027 sutorem
1196 2962 1338 3025 secundo
1363 2962 1476 3024 citatus

209 3095 276 3137 non
312 3075 502 3157 comparuit.

314 3182 392 3242 Item
418 3201 512 3242 causa
537 3179 651 3241 Briccii
674 3180 790 3241 sutoris
821 3191 930 3241 contra
952 3177 1116 3240 Thomam
1149 3176 1188 3239 ad
1214 3190 1363 3238 octavum
1388 3174 1474 3236 diem

210 3286 250 3349 ad
275 3306 387 3360 pacem
411 3300 457 3347 est
480 3299 617 3367 recepta.

315 3393 393 3455 Item
427 3411 521 3453 causa
553 3390 685 3473 Georgii
718 3406 829 3454 contra
865 3392 1028 3453 Thomam
1061 3389 1100 3451 ad
1134 3403 1283 3451 octavum
1315 3386 1402 3448 diem
1435 3385 1474 3447 ad

209 3518 322 3581 pacem
348 3511 394 3559 est
418 3511 554 3579 recepta.

314 3619 392 3681 Item
417 3621 614 3682 Laurencius
637 3635 747 3682 contra
767 3620 882 3704 Vyden
900 3619 1041 3682 secundo
1059 3620 1174 3681 citatus
1193 3637 1258 3679 non
1283 3617 1473 3698 comparuit.

314 3725 393 3786 Item
428 3745 522 3786 causa
555 3726 655 3787 Elene
688 3726 832 3787 mulieris
864 3739 973 3787 contra
1006 3725 1215 3786 Dominicum
1251 3722 1290 3784 ad
1323 3736 1473 3784 octavum

209 3831 295 3892 diem
321 3831 361 3892 ad
386 3850 498 3912 pacem
523 3846 569 3893 est
595 3847 733 3914 recepta.

315 3936 394 3998 Item
420 3938 616 3999 Laurencius
640 3952 729 3999 sutor
753 3951 862 3999 contra
895 3937 1075 3998 Johannem
1100 3950 1242 3998 sutorem
1274 3949 1387 4000 octavo
1421 3935 1472 3997 die

208 4041 424 4122 respondebit.

312 4147 391 4209 Item
409 4148 588 4230 Stephanus
604 4149 688 4210 filius
706 4148 841 4231 Mykech
857 4162 944 4209 sutor
958 4159 1068 4208 contra
1085 4147 1284 4229 Stephanum
1303 4146 1471 4209 Crisozlau

207 4252 311 4333 primo
336 4253 448 4314 citatus
472 4274 536 4315 non
561 4255 749 4336 comparuit.

313 4357 390 4419 Item
415 4360 565 4420 Marenus
589 4374 697 4422 contra
722 4359 888 4421 dominam
905 4359 1048 4420 relictam
1069 4360 1153 4420 Petri
1178 4358 1330 4421 Pichuich
1356 4373 1469 4421 octavo

207 4461 259 4523 die
284 4464 500 4544 respondebit.

312 4568 389 4631 Item
415 4569 568 4653 Gyurgek
592 4569 678 4633 filius
701 4571 815 4654 Vyden
841 4585 956 4633 octavo
981 4570 1032 4632 die
1057 4572 1157 4633 tercio
1181 4591 1215 4632 se
1239 4591 1334 4653 super
1359 4591 1398 4632 eo
1422 4571 1471 4652 ju·

206 4673 299 4751 rabit,
331 4675 419 4755 quod
444 4677 510 4758 ipse
546 4677 701 4758 quasdam
735 4677 853 4758 caligas
888 4676 1044 4738 iohannis
1079 4675 1137 4738 filii
1173 4676 1257 4738 iwan
1294 4696 1360 4738 non
1396 4677 1471 4738 sub·

206 4779 344 4842 traxerit.
