3472 5234
671 307 755 362 Anno
777 302 867 380 1376.
893 339 931 348 -
955 320 988 379 9.
1013 308 1093 364 mii.

364 517 440 577 ltem
466 517 619 578 Nicolaus
649 515 734 576 filius
765 516 890 578 Crisani
923 531 1033 577 contra
1064 516 1244 578 lanslinum
1275 518 1381 601 primo
1404 519 1520 580 citatus

258 641 325 683 non
349 624 537 703 comparuit.

363 730 440 790 ltem
465 730 540 809 quia
566 728 706 789 Briccius
733 728 902 810 selliparus
924 743 1033 791 contra
1051 729 1231 791 Iohannem
1254 728 1448 811 pelliparum
1477 729 1518 790 ad

256 855 383 897 causam
409 836 566 916 quesitam
583 833 660 894 lalse
679 835 884 912 insurexerat,
901 855 977 914 ergo
1001 851 1047 896 est
1063 836 1228 896 convictus
1244 835 1276 896 in
1293 835 1395 896 tribus
1411 835 1519 916 pensis

256 941 473 1018 denariorum,
494 941 638 1022 predicto
671 941 794 1001 Briccio
826 941 954 1002 racione
987 942 1095 1022 previa
1126 955 1317 1023 perpetuum
1349 940 1518 1002 silencium

258 1048 459 1129 inponentes.

362 1153 439 1214 ltem
464 1153 586 1215 Matina
612 1152 728 1213 mulier
750 1165 858 1213 contra
884 1152 1040 1213 lacobum
1072 1151 1243 1234 pellificem
1267 1165 1383 1215 octavo
1407 1152 1458 1214 die
1483 1172 1518 1214 se

254 1259 393 1321 secunda
418 1259 535 1336 jurabit
558 1278 654 1340 super
677 1277 728 1335 eo,
752 1257 840 1339 quod
865 1258 969 1339 ipsum
1001 1278 1059 1319 nec
1083 1259 1150 1340 ipsa
1183 1277 1241 1319 nec
1265 1278 1322 1319 sua
1346 1257 1410 1319 filia
1435 1259 1517 1320 vitu·

258 1365 424 1447 peraverit.

362 1470 439 1532 ltem
464 1469 574 1531 relicta
598 1469 736 1531 condam
765 1469 849 1530 Petri
880 1466 937 1529 filii
970 1469 1099 1542 Rubini,
1130 1468 1238 1530 relicta
1273 1469 1461 1531 Peterltonis
1484 1483 1516 1531 et

255 1594 336 1636 uxor
360 1575 515 1636 lobannis
538 1573 603 1635 filia
627 1573 760 1655 predicti
779 1573 975 1650 Peterkonis,
996 1574 1213 1655 quarumlibet
1237 1574 1376 1655 ipsarum
1401 1589 1516 1636 octavo

255 1680 308 1742 die
334 1680 446 1761 viginti
472 1694 504 1741 et
527 1680 671 1761 quinque
695 1680 839 1761 personis
855 1679 1069 1758 juramentum
1094 1679 1256 1761 deponere
1279 1680 1399 1741 debent
1421 1699 1517 1762 super

255 1804 305 1863 e0,
330 1786 418 1867 quod
444 1787 511 1867 ipse
536 1785 642 1846 nullas
665 1785 901 1845 incantaciones
918 1785 1132 1847 exercuissent
1156 1805 1214 1846 nec
1238 1804 1361 1867 perse,
1386 1806 1444 1846 nec
1461 1805 1517 1868 per

254 1890 350 1967 alias;
374 1891 462 1972 quod
487 1892 512 1952 si
538 1891 577 1951 de
601 1904 707 1952 cetero
732 1891 764 1950 in
787 1890 946 1951 similibus
970 1891 1099 1952 invente
1123 1889 1242 1952 luerint
1266 1893 1298 1953 in
1322 1911 1517 1974 quacunque

254 2010 330 2058 nota
354 2011 408 2058 aut
432 2010 541 2058 contra
567 1996 716 2073 judicem,
741 1995 862 2075 juratos
882 2015 937 2056 seu
954 1996 1230 2074 communitatem,
1255 2011 1286 2058 et
1310 1997 1370 2058 hoc
1394 1996 1515 2060 efficaci

253 2103 440 2165 testimonio
473 2102 675 2184 comprobari
705 2115 821 2183 posset,
854 2114 968 2162 extunc
1000 2102 1176 2163 secundum
1201 2103 1269 2183 jura
1299 2103 1435 2166 civitatis
1459 2125 1516 2186 pu·

255 2208 400 2284 nientur3
426 2210 492 2291 ipse
525 2221 632 2269 autem
663 2207 794 2269 domine
834 2207 950 2268 dictam
985 2227 1112 2269 causam
1148 2209 1188 2269 ad
1212 2210 1362 2291 antiquos
1395 2208 1518 2292 judices

254 2314 455 2396 appellarunt
479 2314 519 2375 ad
544 2315 712 2375 sabbatum
737 2332 822 2374 nunc
847 2314 1026 2375 instantem.

359 2437 436 2499 ltem
461 2457 555 2498 causa
580 2437 656 2498 luan
681 2435 820 2497 Plauech
844 2449 875 2498 et
899 2436 1058 2498 lanchech
1083 2451 1129 2498 est
1152 2456 1208 2518 per
1231 2437 1353 2519 judices
1376 2438 1417 2499 ad
1441 2451 1515 2500 octo

254 2542 322 2604 dies
345 2558 526 2625 prorogata.

359 2650 436 2711 ltem
461 2670 554 2712 causa
580 2649 735 2711 lobannis
758 2661 789 2710 et
814 2647 945 2728 Georgii
970 2648 1077 2710 estad
1101 2649 1241 2730 primum
1264 2649 1420 2730 judicium
1443 2662 1516 2732 post

253 2755 427 2817 adventum
452 2756 621 2817 Laurencii
645 2755 738 2835 jurati
764 2756 803 2817 de
828 2755 981 2818 nundinis
1003 2773 1060 2836 per
1084 2754 1205 2833 judices
1227 2768 1409 2836 prorogata.

358 2861 435 2923 Item
461 2862 614 2923 Nicolaus
638 2862 850 2923 Zrebernicha
871 2861 1049 2922 Laurencio
1073 2860 1182 2921 villico
1198 2860 1238 2921 de
1261 2861 1346 2942 Vgra
1371 2862 1403 2922 in
1421 2861 1515 2942 quin·

253 2966 344 3027 denis
367 2981 430 3029 tres
453 2987 576 3029 marcas
600 2967 804 3029 denariorum
834 2967 985 3029 exsolvet.

360 3072 438 3134 Item
464 3093 557 3135 causa
581 3071 737 3134 Anthonii
762 3072 940 3154 Zytharych
965 3084 995 3133 et
1020 3071 1139 3133 Mathie
1156 3070 1306 3132 aurifabri
1332 3084 1378 3132 est
1401 3071 1441 3132 ad
1458 3071 1513 3132 ad-

253 3191 383 3238 ventum
408 3178 522 3239 Paulas
545 3197 601 3259 per
624 3177 745 3258 judices
768 3190 948 3259 prorogata.

359 3301 436 3362 ltem
462 3300 641 3382 Stephanus
670 3314 770 3361 sartor
802 3314 912 3363 contra
943 3299 1143 3361 Anthonium
1176 3299 1313 3361 Zitarich
1345 3300 1444 3361 tercio
1469 3299 1512 3361 ci·

252 3418 335 3467 tatus
359 3426 423 3467 non
448 3406 637 3488 comparuit.

358 3511 435 3572 ltem
461 3512 657 3573 Laurencius
687 3510 812 3572 villicus
843 3525 973 3594 propter
994 3510 1131 3592 quedam
1164 3511 1258 3592 pepla
1283 3523 1391 3572 contra
1416 3511 1511 3572 Nico·

252 3615 338 3677 laum
371 3616 583 3677 Zrebernicha
615 3636 647 3677 se
678 3615 858 3696 juramento
890 3617 1077 3697 expurgavit
1107 3615 1289 3694 asserendo,
1322 3613 1410 3696 quod
1444 3616 1512 3698 ipsa

252 3723 345 3803 pepla
371 3742 428 3782 sua
453 3742 533 3783 uxor
556 3722 596 3782 ad
620 3723 803 3802 magistram
829 3722 904 3783 dare
928 3735 1100 3804 portasset;
1126 3723 1227 3803 ipsam
1252 3734 1359 3781 autem
1383 3740 1511 3783 causam

252 3827 413 3909 predictus
438 3827 590 3888 Nicolaus
613 3828 653 3888 ad
678 3829 827 3909 antiquos
849 3827 970 3910 judices
994 3828 1178 3909 appellavit.

357 3933 435 3994 ltem
461 3933 656 3994 laurencius
673 3933 799 3993 villicus
823 3933 862 3995 de
878 3934 963 4015 Vgra
987 3946 1095 3995 contra
1113 3933 1282 3995 Nicolaum
1300 3934 1512 3997 Zrebernicha

251 4058 284 4099 se
308 4039 467 4100 secundus
490 4039 523 4099 in
547 4037 631 4101 facto
655 4038 791 4099 duarum
816 4058 995 4100 marcarum
1018 4039 1143 4119 jurabit.

357 4145 435 4206 Item
459 4145 581 4226 antiqui
606 4143 727 4224 judices
747 4161 875 4205 causam
893 4144 982 4205 Hans
1006 4160 1037 4206 et
1061 4145 1166 4208 Deseu
1183 4148 1362 4209 secundum
1386 4146 1510 4210 adiudi-

252 4249 417 4312 cacionem
440 4249 616 4332 juratorum
641 4246 880 4311 confirmarunt.

619 4467 725 4538 Actus
754 4469 969 4555 antiquorum
992 4468 1153 4554 judicum.

355 4617 451 4696 Nota,
474 4616 563 4699 quod
587 4613 864 4677 adiudicacionem
882 4613 1057 4693 juratorum
1081 4616 1217 4681 infacto
1240 4622 1349 4685 relicte
1374 4624 1512 4686 condam

502 4717 556 4760 ”²²
574 4718 708 4797 Rubini,
730 4718 838 4780 relicte
856 4719 1040 4780 Peterkonis
1054 4735 1084 4783 et
1103 4721 1168 4785 filie
1185 4709 1329 4790 eiusdem
1347 4729 1513 4793 Anchicha
