3472 5234
589 359 674 417 Anno
698 357 789 434 1387.
815 393 854 402 -
879 373 931 434 29.
955 361 1123 421 novembris.

338 569 416 630 Item
442 587 534 629 causa
560 568 684 630 Herrici
702 566 849 652 pellificis
872 583 981 632 contra
999 571 1062 631 Res
1079 569 1120 632 ad
1144 584 1218 631 octo
1236 569 1304 632 dies
1329 571 1368 631 ad
1385 590 1497 654 pacem

233 686 280 736 est
303 686 439 757 recepta.

340 781 417 842 Item
441 782 505 842 Res
529 794 639 843 contra
660 781 831 843 Nicolaum
856 796 971 845 octavo
995 783 1047 844 die
1070 782 1288 866 respondebit.

340 888 417 949 Item
443 887 579 950 Mathias
605 888 719 950 Henlce
752 902 863 951 contra
887 889 1042 951 Dicauam
1075 888 1265 950 secundario
1295 889 1408 951 citatus
1432 908 1499 950 non

233 993 424 1076 comparuit.

340 1100 417 1162 Item
442 1100 583 1162 Briccius
599 1101 729 1163 sellator
753 1114 863 1163 contra
881 1101 1066 1182 Dragonam
1080 1100 1270 1163 secundario
1295 1101 1408 1163 citatus
1425 1120 1491 1162 non

234 1206 423 1287 comparuit.

339 1311 1499 1394 ItemMarcomolendInatorcontralohannemoctavodiercspondebit.

342 1418 419 1480 Item
451 1419 645 1482 Benedictus
676 1419 815 1481 carnifex
840 1433 949 1482 contra
986 1418 1115 1502 Mathey
1147 1420 1252 1502 primo
1285 1418 1398 1480 citatus
1433 1437 1499 1479 non

233 1525 422 1607 comparuit.

342 1633 418 1693 Item
445 1632 582 1694 Susiuan
606 1647 720 1694 octavo
734 1632 785 1694 die
809 1632 908 1694 tercio
933 1652 965 1693 se
990 1651 1085 1715 super
1109 1651 1148 1693 eo
1172 1631 1299 1712 jurabit,
1323 1630 1411 1712 quod
1429 1630 1497 1713 ipse

234 1757 337 1818 neque
363 1757 442 1799 uxor
466 1758 522 1800 sua
540 1739 711 1800 Nicolaum
736 1738 857 1800 dictum
881 1739 1018 1800 Zauersa
1036 1739 1067 1799 in
1093 1737 1285 1819 quibusdam
1310 1738 1405 1798 rebus
1421 1755 1499 1818 pro·

235 1842 401 1907 didissent.

342 1950 420 2012 Item
445 1951 584 2012 Iacobus
608 1951 734 2012 Institor
751 1970 852 2032 usque
873 1950 1053 2032 quindenas
1070 1950 1186 2011 Paulas
1209 1969 1267 2033 pro
1292 1949 1422 2010 vulnere
1440 1967 1498 2009 suo

235 2057 381 2138 quinque
405 2076 538 2135 marcas,
563 2077 599 2118 ac
628 2076 725 2118 unam
757 2056 854 2137 judici
880 2077 937 2118 nec
963 2076 1028 2119 non
1060 2057 1187 2118 medico
1220 2054 1411 2133 satisfacere,
1435 2054 1499 2116 sol·

236 2183 308 2224 vere
333 2163 439 2225 debet.

342 2269 419 2331 Item
445 2270 530 2331 idem
556 2270 694 2332 lacobus
724 2269 850 2332 institor
880 2270 978 2331 tercio
1003 2291 1035 2331 se
1067 2290 1163 2353 super
1195 2288 1234 2331 eo
1259 2268 1385 2349 jurabit,
1410 2266 1498 2348 quod

235 2376 301 2458 ipse
327 2396 390 2438 non
416 2377 448 2437 in
474 2375 534 2438 hoc
559 2377 690 2438 nomine
708 2374 867 2458 prefatum
885 2376 1000 2437 Paulas
1016 2377 1223 2453 vulnerasset,
1249 2389 1283 2436 ut
1300 2375 1367 2456 ipse
1385 2373 1499 2436 Paulas

234 2482 388 2563 quasdam
414 2503 463 2544 res
486 2503 557 2544 suaa
589 2482 722 2565 prodere
744 2481 885 2560 deberet,
909 2495 947 2544 et*
964 2483 996 2544 in
1021 2483 1126 2566 spolio
1151 2482 1250 2563 ipsius
1274 2481 1427 2542 innocens
1452 2493 1499 2540 est

234 2590 360 2670 penitus
384 2602 414 2650 et
438 2589 590 2650 immunis
612 2603 643 2651 et
666 2588 780 2650 exinde
804 2588 902 2649 nichil
930 2589 1041 2663 scitet3
1066 2588 1132 2669 ipse
1157 2602 1264 2648 autem
1292 2586 1406 2647 Paulas
1429 2604 1498 2667 pre-

234 2695 351 2757 dictam
377 2715 504 2757 causam
530 2695 570 2756 ad
594 2695 744 2775 antiquos
767 2694 888 2775 judIces
912 2694 1096 2776 appellavit.

315 2931 410 3004 Faria
439 2940 537 3003 sexta
566 2936 720 3020 proxima
749 2939 826 3003 ante
851 2932 971 3003 festum
1000 2932 1091 3002 beati
1120 2929 1251 3002 Ilndree
1279 2930 1433 3018 apostoli.

725 3082 792 3162 (29.
817 3085 1001 3158 trovembris).

341 3225 418 3286 Item
450 3244 544 3285 causa
570 3223 699 3284 Thome
732 3237 841 3284 contra
875 3223 1052 3304 Georgium
1085 3222 1320 3304 carpentarium
1352 3221 1392 3281 ad
1426 3234 1499 3282 octo

236 3330 304 3390 dies
327 3330 368 3391 ad
392 3349 502 3411 pacem
529 3343 574 3389 est
599 3341 735 3410 recepta.

341 3436 418 3497 Item
445 3435 618 3516 Matheylro
651 3433 801 3513 carnifex,
834 3435 936 3516 Cigan
971 3450 1001 3496 et
1033 3435 1151 3496 Paulus
1183 3447 1293 3495 contra
1319 3433 1498 3514 Georgium

236 3542 341 3623 prImo
365 3542 450 3603 citati
476 3560 539 3601 non
567 3553 824 3621 comparuerunt.

341 3648 419 3709 Item
444 3647 707 3728 juramentoque
732 3647 883 3708 dominus
913 3649 997 3708 Luca
1025 3647 1152 3708 Bonioli
1178 3660 1208 3706 et
1234 3645 1401 3727 Gyaninus
1426 3646 1496 3705 Bon

237 3754 333 3816 hodie
359 3767 468 3815 contra
493 3772 560 3813 sese
592 3751 695 3814 facere
730 3752 892 3831 deberent,
918 3753 956 3813 de
983 3753 1147 3814 voluntate
1180 3753 1318 3833 ipsarum
1353 3752 1496 3833 parcium

237 3880 337 3940 usque
363 3860 402 3920 ad
427 3873 500 3920 octo
524 3859 591 3919 dies
615 3872 878 3940 prorogaverunt,
904 3873 934 3920 et
961 3873 1037 3920 tunc
1070 3859 1136 3940 ipsa
1168 3858 1345 3938 juramenta
1371 3859 1401 3917 in
1427 3878 1498 3939 pre·

236 3967 322 4027 dicto
347 3981 461 4028 octavo
487 3965 537 4026 die
561 3964 663 4027 facere
688 3966 835 4027 debeant.

342 4073 419 4133 Item
433 4071 623 4132 Benedictus
638 4072 764 4133 Mezara
782 4084 890 4133 contra
908 4071 1062 4132 Mathiam
1087 4070 1276 4132 secundario
1294 4071 1407 4131 citatus
1431 4089 1496 4132 non

236 4179 425 4261 comparuit.

344 4286 421 4346 Item
459 4284 594 4346 Mathias
630 4287 769 4367 orosnylr
805 4297 913 4345 contra
951 4282 1104 4344 Mathiam
1143 4284 1248 4364 primo
1284 4283 1397 4343 citatus
1433 4302 1497 4343 non

237 4393 426 4473 comparuit.

344 4497 422 4559 Item
447 4497 527 4558 Kele
560 4511 668 4558 contra
696 4496 835 4556 Iwanam
867 4496 1036 4556 mulierem
1060 4495 1250 4556 secundario
1282 4495 1395 4555 citatus
1433 4512 1498 4553 non

237 4603 427 4685 comparuit.

342 4709 420 4772 Item
447 4710 625 4771 Benedicus
657 4708 757 4769 decan
792 4721 900 4768 contra
933 4708 1076 4768 Kosman
1113 4707 1255 4769 secundo
1288 4707 1400 4768 citatus
1432 4724 1497 4768 non

236 4817 425 4898 comparuit.
