<?xml version="1.0" encoding="UTF-8"?>
<!DOCTYPE html PUBLIC "-//W3C//DTD XHTML 1.0 Transitional//EN"
    "http://www.w3.org/TR/xhtml1/DTD/xhtml1-transitional.dtd">
<html xmlns="http://www.w3.org/1999/xhtml" xml:lang="en" lang="en">
 <head>
  <title>
</title>
<meta http-equiv="Content-Type" content="text/html;charset=utf-8" />
  <meta name='ocr-system' content='tesseract 3.04.00' />
  <meta name='ocr-capabilities' content='ocr_page ocr_carea ocr_par ocr_line ocrx_word'/>
</head>
<body>
  <div class='ocr_page' id='page_1' title='image "./monumentahistor09laszgoog/monumentahistor09laszgoog_0315.png"; bbox 0 0 3472 5234; ppageno 0'>
   <div class='ocr_carea' id='block_1_1' title="bbox 610 330 1132 410">
    <p class='ocr_par' dir='ltr' id='par_1_1' title="bbox 610 330 1132 410">
     <span class='ocr_line' id='line_1_1' title="bbox 610 330 1132 410; baseline 0.002 -19"><span class='ocrx_word' id='word_1_1' title='bbox 610 336 696 391; x_wconf 84' lang='lat' dir='ltr'>Anno</span> <span class='ocrx_word' id='word_1_2' title='bbox 719 330 812 410; x_wconf 76' lang='lat'>1386.</span> <span class='ocrx_word' id='word_1_3' title='bbox 838 366 880 375; x_wconf 96' lang='lat'>—</span> <span class='ocrx_word' id='word_1_4' title='bbox 903 347 934 409; x_wconf 70' lang='lat'>4.</span> <span class='ocrx_word' id='word_1_5' title='bbox 958 332 1132 406; x_wconf 80' lang='lat' dir='ltr'><em>septembris.</em></span> 
     </span>
    </p>
   </div>
   <div class='ocr_carea' id='block_1_2' title="bbox 233 542 1500 4857">
    <p class='ocr_par' dir='ltr' id='par_1_2' title="bbox 340 542 1495 625">
     <span class='ocr_line' id='line_1_2' title="bbox 340 542 1495 625; baseline -0.006 -15"><span class='ocrx_word' id='word_1_6' title='bbox 340 550 417 610; x_wconf 86' lang='lat' dir='ltr'>Item</span> <span class='ocrx_word' id='word_1_7' title='bbox 432 546 584 607; x_wconf 85' lang='lat' dir='ltr'><strong>Clemens</strong></span> <span class='ocrx_word' id='word_1_8' title='bbox 597 559 707 605; x_wconf 91' lang='lat' dir='ltr'>contra</span> <span class='ocrx_word' id='word_1_9' title='bbox 726 543 918 625; x_wconf 88' lang='lat' dir='ltr'>Gregorium</span> <span class='ocrx_word' id='word_1_10' title='bbox 935 542 1078 602; x_wconf 87' lang='lat' dir='ltr'>secundo</span> <span class='ocrx_word' id='word_1_11' title='bbox 1092 543 1204 603; x_wconf 86' lang='lat' dir='ltr'>citatus</span> <span class='ocrx_word' id='word_1_12' title='bbox 1226 562 1288 603; x_wconf 90' lang='lat' dir='ltr'>non</span> <span class='ocrx_word' id='word_1_13' title='bbox 1307 543 1495 625; x_wconf 82' lang='lat' dir='ltr'>comparuit.</span> 
     </span>
    </p>

    <p class='ocr_par' dir='ltr' id='par_1_3' title="bbox 235 646 1496 840">
     <span class='ocr_line' id='line_1_3' title="bbox 340 646 1496 732; baseline -0.006 -17"><span class='ocrx_word' id='word_1_14' title='bbox 340 654 417 715; x_wconf 86' lang='lat' dir='ltr'>Item</span> <span class='ocrx_word' id='word_1_15' title='bbox 443 650 522 732; x_wconf 87' lang='lat' dir='ltr'>(per)</span> <span class='ocrx_word' id='word_1_16' title='bbox 547 663 642 711; x_wconf 88' lang='lat' dir='ltr'>testes</span> <span class='ocrx_word' id='word_1_17' title='bbox 666 669 760 710; x_wconf 89' lang='lat' dir='ltr'>causa</span> <span class='ocrx_word' id='word_1_18' title='bbox 782 648 945 711; x_wconf 88' lang='lat' dir='ltr'>Benedicti</span> <span class='ocrx_word' id='word_1_19' title='bbox 963 646 1076 708; x_wconf 90' lang='lat' dir='ltr'>decani</span> <span class='ocrx_word' id='word_1_20' title='bbox 1101 660 1211 709; x_wconf 92' lang='lat' dir='ltr'>contra</span> <span class='ocrx_word' id='word_1_21' title='bbox 1229 648 1405 730; x_wconf 80' lang='lat' dir='ltr'>Symonem</span> <span class='ocrx_word' id='word_1_22' title='bbox 1423 648 1496 708; x_wconf 86' lang='lat' dir='ltr'>sali-</span> 
     </span>
     <span class='ocr_line' id='line_1_4' title="bbox 235 755 930 840; baseline -0.007 -21"><span class='ocrx_word' id='word_1_23' title='bbox 235 778 349 819; x_wconf 89' lang='lat' dir='ltr'>venam</span> <span class='ocrx_word' id='word_1_24' title='bbox 375 758 413 818; x_wconf 93' lang='lat' dir='ltr'>ad</span> <span class='ocrx_word' id='word_1_25' title='bbox 439 769 588 840; x_wconf 85' lang='lat' dir='ltr'>octavum</span> <span class='ocrx_word' id='word_1_26' title='bbox 614 755 699 815; x_wconf 88' lang='lat' dir='ltr'>diem</span> <span class='ocrx_word' id='word_1_27' title='bbox 725 768 770 816; x_wconf 91' lang='lat' dir='ltr'>est</span> <span class='ocrx_word' id='word_1_28' title='bbox 794 767 930 834; x_wconf 90' lang='lat' dir='ltr'>recepta.</span> 
     </span>
    </p>

    <p class='ocr_par' dir='ltr' id='par_1_4' title="bbox 234 857 1497 1051">
     <span class='ocr_line' id='line_1_5' title="bbox 340 857 1497 941; baseline -0.004 -16"><span class='ocrx_word' id='word_1_29' title='bbox 340 864 417 925; x_wconf 90' lang='lat' dir='ltr'><strong>Item</strong></span> <span class='ocrx_word' id='word_1_30' title='bbox 443 860 619 940; x_wconf 85' lang='lat' dir='ltr'>Gregorius</span> <span class='ocrx_word' id='word_1_31' title='bbox 643 861 776 922; x_wconf 90' lang='lat' dir='ltr'>voschar</span> <span class='ocrx_word' id='word_1_32' title='bbox 800 873 910 921; x_wconf 85' lang='lat' dir='ltr'>contra</span> <span class='ocrx_word' id='word_1_33' title='bbox 928 857 1139 919; x_wconf 90' lang='lat' dir='ltr'>Benedictum</span> <span class='ocrx_word' id='word_1_34' title='bbox 1165 860 1269 941; x_wconf 89' lang='lat' dir='ltr'>primo</span> <span class='ocrx_word' id='word_1_35' title='bbox 1294 860 1407 921; x_wconf 90' lang='lat' dir='ltr'>citatus</span> <span class='ocrx_word' id='word_1_36' title='bbox 1431 879 1497 921; x_wconf 89' lang='lat' dir='ltr'>nou</span> 
     </span>
     <span class='ocr_line' id='line_1_6' title="bbox 234 969 423 1051; baseline -0.016 -20"><span class='ocrx_word' id='word_1_37' title='bbox 234 969 423 1051; x_wconf 87' lang='lat' dir='ltr'><strong>comparuit.</strong></span> 
     </span>
    </p>

    <p class='ocr_par' dir='ltr' id='par_1_5' title="bbox 234 1070 1496 1262">
     <span class='ocr_line' id='line_1_7' title="bbox 339 1070 1496 1153; baseline -0.003 -18"><span class='ocrx_word' id='word_1_38' title='bbox 339 1075 417 1135; x_wconf 91' lang='lat' dir='ltr'>Item</span> <span class='ocrx_word' id='word_1_39' title='bbox 442 1094 535 1135; x_wconf 90' lang='lat' dir='ltr'>causa</span> <span class='ocrx_word' id='word_1_40' title='bbox 561 1072 716 1135; x_wconf 87' lang='lat' dir='ltr'>Johannis</span> <span class='ocrx_word' id='word_1_41' title='bbox 749 1088 858 1134; x_wconf 90' lang='lat' dir='ltr'>contra</span> <span class='ocrx_word' id='word_1_42' title='bbox 885 1074 1064 1135; x_wconf 76' lang='lat' dir='ltr'>iohannem</span> <span class='ocrx_word' id='word_1_43' title='bbox 1102 1070 1252 1153; x_wconf 89' lang='lat' dir='ltr'>Grachyn</span> <span class='ocrx_word' id='word_1_44' title='bbox 1284 1073 1324 1131; x_wconf 90' lang='lat' dir='ltr'>ad</span> <span class='ocrx_word' id='word_1_45' title='bbox 1348 1084 1496 1131; x_wconf 90' lang='lat' dir='ltr'>octavum</span> 
     </span>
     <span class='ocr_line' id='line_1_8' title="bbox 234 1180 754 1262; baseline 0 -22"><span class='ocrx_word' id='word_1_46' title='bbox 234 1181 320 1241; x_wconf 90' lang='lat' dir='ltr'>diem</span> <span class='ocrx_word' id='word_1_47' title='bbox 346 1180 385 1240; x_wconf 91' lang='lat' dir='ltr'>ad</span> <span class='ocrx_word' id='word_1_48' title='bbox 411 1199 522 1262; x_wconf 87' lang='lat' dir='ltr'>pacem</span> <span class='ocrx_word' id='word_1_49' title='bbox 547 1192 593 1240; x_wconf 91' lang='lat' dir='ltr'>est</span> <span class='ocrx_word' id='word_1_50' title='bbox 618 1193 754 1260; x_wconf 89' lang='lat' dir='ltr'>recepta.</span> 
     </span>
    </p>

    <p class='ocr_par' dir='ltr' id='par_1_6' title="bbox 234 1281 1497 1473">
     <span class='ocr_line' id='line_1_9' title="bbox 340 1281 1497 1346; baseline -0.003 -2"><span class='ocrx_word' id='word_1_51' title='bbox 340 1284 417 1345; x_wconf 89' lang='lat' dir='ltr'>Item</span> <span class='ocrx_word' id='word_1_52' title='bbox 450 1305 543 1346; x_wconf 90' lang='lat' dir='ltr'>causa</span> <span class='ocrx_word' id='word_1_53' title='bbox 569 1284 692 1345; x_wconf 91' lang='lat' dir='ltr'>domini</span> <span class='ocrx_word' id='word_1_54' title='bbox 717 1285 807 1345; x_wconf 91' lang='lat' dir='ltr'>Luka</span> <span class='ocrx_word' id='word_1_55' title='bbox 840 1297 949 1345; x_wconf 90' lang='lat' dir='ltr'>contra</span> <span class='ocrx_word' id='word_1_56' title='bbox 974 1284 1144 1345; x_wconf 87' lang='lat' dir='ltr'>Nicolaum</span> <span class='ocrx_word' id='word_1_57' title='bbox 1168 1282 1206 1343; x_wconf 91' lang='lat' dir='ltr'>ad</span> <span class='ocrx_word' id='word_1_58' title='bbox 1239 1295 1388 1343; x_wconf 87' lang='lat' dir='ltr'>octavum</span> <span class='ocrx_word' id='word_1_59' title='bbox 1412 1281 1497 1341; x_wconf 93' lang='lat' dir='ltr'>diem</span> 
     </span>
     <span class='ocr_line' id='line_1_10' title="bbox 234 1392 643 1473; baseline -0.002 -21"><span class='ocrx_word' id='word_1_60' title='bbox 234 1392 274 1452; x_wconf 92' lang='lat' dir='ltr'>ad</span> <span class='ocrx_word' id='word_1_61' title='bbox 300 1411 411 1473; x_wconf 82' lang='lat' dir='ltr'>pacem</span> <span class='ocrx_word' id='word_1_62' title='bbox 436 1404 482 1451; x_wconf 91' lang='lat' dir='ltr'>est</span> <span class='ocrx_word' id='word_1_63' title='bbox 507 1403 643 1471; x_wconf 90' lang='lat' dir='ltr'>recepta.</span> 
     </span>
    </p>

    <p class='ocr_par' dir='ltr' id='par_1_7' title="bbox 236 1493 1498 1683">
     <span class='ocr_line' id='line_1_11' title="bbox 341 1493 1498 1576; baseline -0.003 -20"><span class='ocrx_word' id='word_1_64' title='bbox 341 1496 418 1558; x_wconf 90' lang='lat' dir='ltr'>Item</span> <span class='ocrx_word' id='word_1_65' title='bbox 444 1516 537 1558; x_wconf 90' lang='lat' dir='ltr'>causa</span> <span class='ocrx_word' id='word_1_66' title='bbox 562 1495 710 1576; x_wconf 81' lang='lat' dir='ltr'>Gregorii</span> <span class='ocrx_word' id='word_1_67' title='bbox 735 1495 852 1576; x_wconf 86' lang='lat' dir='ltr'>Angeli</span> <span class='ocrx_word' id='word_1_68' title='bbox 886 1510 995 1557; x_wconf 89' lang='lat' dir='ltr'>contra</span> <span class='ocrx_word' id='word_1_69' title='bbox 1021 1495 1174 1557; x_wconf 87' lang='lat' dir='ltr'>Mathiam</span> <span class='ocrx_word' id='word_1_70' title='bbox 1200 1494 1356 1555; x_wconf 90' lang='lat' dir='ltr'>decanum</span> <span class='ocrx_word' id='word_1_71' title='bbox 1382 1493 1421 1553; x_wconf 92' lang='lat' dir='ltr'>ad</span> <span class='ocrx_word' id='word_1_72' title='bbox 1446 1511 1498 1553; x_wconf 91' lang='lat' dir='ltr'>oc-</span> 
     </span>
     <span class='ocr_line' id='line_1_12' title="bbox 236 1603 891 1683; baseline 0 -21"><span class='ocrx_word' id='word_1_73' title='bbox 236 1617 344 1663; x_wconf 88' lang='lat' dir='ltr'>tavum</span> <span class='ocrx_word' id='word_1_74' title='bbox 371 1603 458 1663; x_wconf 89' lang='lat' dir='ltr'>diem</span> <span class='ocrx_word' id='word_1_75' title='bbox 483 1603 522 1662; x_wconf 92' lang='lat' dir='ltr'>ad</span> <span class='ocrx_word' id='word_1_76' title='bbox 548 1621 659 1683; x_wconf 88' lang='lat' dir='ltr'>pacem</span> <span class='ocrx_word' id='word_1_77' title='bbox 684 1614 731 1662; x_wconf 89' lang='lat' dir='ltr'>est</span> <span class='ocrx_word' id='word_1_78' title='bbox 754 1616 891 1683; x_wconf 89' lang='lat' dir='ltr'>recepta.</span> 
     </span>
    </p>

    <p class='ocr_par' dir='ltr' id='par_1_8' title="bbox 236 1702 1499 2001">
     <span class='ocr_line' id='line_1_13' title="bbox 342 1702 1498 1784; baseline -0.006 -15"><span class='ocrx_word' id='word_1_79' title='bbox 342 1709 418 1769; x_wconf 90' lang='lat' dir='ltr'>Item</span> <span class='ocrx_word' id='word_1_80' title='bbox 462 1727 555 1768; x_wconf 90' lang='lat' dir='ltr'>causa</span> <span class='ocrx_word' id='word_1_81' title='bbox 585 1707 716 1767; x_wconf 89' lang='lat' dir='ltr'>domine</span> <span class='ocrx_word' id='word_1_82' title='bbox 749 1726 857 1767; x_wconf 89' lang='lat' dir='ltr'>socrus</span> <span class='ocrx_word' id='word_1_83' title='bbox 889 1707 1044 1768; x_wconf 87' lang='lat' dir='ltr'>Johannis</span> <span class='ocrx_word' id='word_1_84' title='bbox 1076 1706 1174 1767; x_wconf 87' lang='lat' dir='ltr'>Vasas</span> <span class='ocrx_word' id='word_1_85' title='bbox 1205 1719 1314 1766; x_wconf 91' lang='lat' dir='ltr'>contra</span> <span class='ocrx_word' id='word_1_86' title='bbox 1347 1702 1498 1784; x_wconf 88' lang='lat' dir='ltr'>Egidium</span> 
     </span>
     <span class='ocr_line' id='line_1_14' title="bbox 236 1807 1499 1892; baseline -0.006 -18"><span class='ocrx_word' id='word_1_87' title='bbox 236 1815 445 1892; x_wconf 85' lang='lat' dir='ltr'>sacerdotem,</span> <span class='ocrx_word' id='word_1_88' title='bbox 472 1813 608 1874; x_wconf 88' lang='lat' dir='ltr'>Paulum</span> <span class='ocrx_word' id='word_1_89' title='bbox 640 1827 671 1873; x_wconf 94' lang='lat' dir='ltr'>et</span> <span class='ocrx_word' id='word_1_90' title='bbox 695 1812 874 1874; x_wconf 88' lang='lat' dir='ltr'>Johannem</span> <span class='ocrx_word' id='word_1_91' title='bbox 908 1813 1068 1874; x_wconf 89' lang='lat' dir='ltr'>literatum</span> <span class='ocrx_word' id='word_1_92' title='bbox 1102 1813 1141 1873; x_wconf 89' lang='lat' dir='ltr'>ad</span> <span class='ocrx_word' id='word_1_93' title='bbox 1174 1826 1323 1873; x_wconf 90' lang='lat' dir='ltr'>octavum</span> <span class='ocrx_word' id='word_1_94' title='bbox 1347 1809 1433 1869; x_wconf 90' lang='lat' dir='ltr'>diem</span> <span class='ocrx_word' id='word_1_95' title='bbox 1458 1807 1499 1868; x_wconf 85' lang='lat' dir='ltr'>ad</span> 
     </span>
     <span class='ocr_line' id='line_1_15' title="bbox 236 1933 623 2001; baseline -0.005 -21"><span class='ocrx_word' id='word_1_96' title='bbox 236 1939 347 2000; x_wconf 86' lang='lat' dir='ltr'>pacem</span> <span class='ocrx_word' id='word_1_97' title='bbox 373 1933 419 1980; x_wconf 92' lang='lat' dir='ltr'>est</span> <span class='ocrx_word' id='word_1_98' title='bbox 443 1933 623 2001; x_wconf 81' lang='lat' dir='ltr'>prorogata.</span> 
     </span>
    </p>

    <p class='ocr_par' dir='ltr' id='par_1_9' title="bbox 235 2019 1498 2213">
     <span class='ocr_line' id='line_1_16' title="bbox 340 2019 1498 2086; baseline -0.005 0"><span class='ocrx_word' id='word_1_99' title='bbox 340 2025 419 2086; x_wconf 91' lang='lat' dir='ltr'>Item</span> <span class='ocrx_word' id='word_1_100' title='bbox 444 2044 538 2086; x_wconf 87' lang='lat' dir='ltr'>causa</span> <span class='ocrx_word' id='word_1_101' title='bbox 564 2022 641 2085; x_wconf 85' lang='lat' dir='ltr'>Scof</span> <span class='ocrx_word' id='word_1_102' title='bbox 663 2037 773 2085; x_wconf 87' lang='lat' dir='ltr'>contra</span> <span class='ocrx_word' id='word_1_103' title='bbox 798 2025 908 2085; x_wconf 86' lang='lat' dir='ltr'>Mareu</span> <span class='ocrx_word' id='word_1_104' title='bbox 929 2038 1085 2085; x_wconf 83' lang='lat' dir='ltr'>textorem</span> <span class='ocrx_word' id='word_1_105' title='bbox 1110 2023 1150 2083; x_wconf 89' lang='lat' dir='ltr'>ad</span> <span class='ocrx_word' id='word_1_106' title='bbox 1175 2037 1324 2083; x_wconf 89' lang='lat' dir='ltr'>octavum</span> <span class='ocrx_word' id='word_1_107' title='bbox 1348 2021 1434 2082; x_wconf 91' lang='lat' dir='ltr'>diem</span> <span class='ocrx_word' id='word_1_108' title='bbox 1458 2019 1498 2081; x_wconf 92' lang='lat' dir='ltr'>ad</span> 
     </span>
     <span class='ocr_line' id='line_1_17' title="bbox 235 2143 621 2213; baseline -0.005 -21"><span class='ocrx_word' id='word_1_109' title='bbox 235 2151 345 2213; x_wconf 88' lang='lat' dir='ltr'>pacem</span> <span class='ocrx_word' id='word_1_110' title='bbox 371 2146 416 2192; x_wconf 89' lang='lat' dir='ltr'>est</span> <span class='ocrx_word' id='word_1_111' title='bbox 440 2143 621 2213; x_wconf 89' lang='lat' dir='ltr'>prorogata.</span> 
     </span>
    </p>

    <p class='ocr_par' dir='ltr' id='par_1_10' title="bbox 341 2232 1498 2316">
     <span class='ocr_line' id='line_1_18' title="bbox 341 2232 1498 2316; baseline -0.002 -20"><span class='ocrx_word' id='word_1_112' title='bbox 341 2236 419 2296; x_wconf 91' lang='lat' dir='ltr'>Item</span> <span class='ocrx_word' id='word_1_113' title='bbox 444 2235 562 2316; x_wconf 86' lang='lat' dir='ltr'>Iglicha</span> <span class='ocrx_word' id='word_1_114' title='bbox 587 2248 696 2296; x_wconf 89' lang='lat' dir='ltr'>contra</span> <span class='ocrx_word' id='word_1_115' title='bbox 723 2235 924 2316; x_wconf 88' lang='lat' dir='ltr'>Lipouschak</span> <span class='ocrx_word' id='word_1_116' title='bbox 949 2235 1054 2316; x_wconf 92' lang='lat' dir='ltr'>primo</span> <span class='ocrx_word' id='word_1_117' title='bbox 1077 2235 1190 2296; x_wconf 89' lang='lat' dir='ltr'>citatus</span> <span class='ocrx_word' id='word_1_118' title='bbox 1214 2253 1279 2294; x_wconf 89' lang='lat' dir='ltr'>non</span> <span class='ocrx_word' id='word_1_119' title='bbox 1308 2232 1498 2314; x_wconf 88' lang='lat' dir='ltr'>comparuit.</span> 
     </span>
    </p>

    <p class='ocr_par' dir='ltr' id='par_1_11' title="bbox 233 2338 1498 2527">
     <span class='ocr_line' id='line_1_19' title="bbox 341 2338 1498 2421; baseline -0.003 -19"><span class='ocrx_word' id='word_1_120' title='bbox 341 2342 416 2402; x_wconf 89' lang='lat' dir='ltr'>Item</span> <span class='ocrx_word' id='word_1_121' title='bbox 444 2340 619 2421; x_wconf 85' lang='lat' dir='ltr'>Gregorius</span> <span class='ocrx_word' id='word_1_122' title='bbox 643 2340 784 2402; x_wconf 89' lang='lat' dir='ltr'>decanus</span> <span class='ocrx_word' id='word_1_123' title='bbox 809 2355 919 2401; x_wconf 91' lang='lat' dir='ltr'>contra</span> <span class='ocrx_word' id='word_1_124' title='bbox 941 2340 1141 2401; x_wconf 84' lang='lat' dir='ltr'>Anthonium</span> <span class='ocrx_word' id='word_1_125' title='bbox 1167 2353 1309 2400; x_wconf 89' lang='lat' dir='ltr'>sutorem</span> <span class='ocrx_word' id='word_1_126' title='bbox 1333 2339 1438 2421; x_wconf 91' lang='lat' dir='ltr'>primo</span> <span class='ocrx_word' id='word_1_127' title='bbox 1456 2338 1498 2398; x_wconf 92' lang='lat' dir='ltr'>ci·</span> 
     </span>
     <span class='ocr_line' id='line_1_20' title="bbox 233 2447 620 2527; baseline 0.003 -20"><span class='ocrx_word' id='word_1_128' title='bbox 233 2460 316 2509; x_wconf 86' lang='lat' dir='ltr'>tatus</span> <span class='ocrx_word' id='word_1_129' title='bbox 341 2467 405 2507; x_wconf 90' lang='lat' dir='ltr'>non</span> <span class='ocrx_word' id='word_1_130' title='bbox 431 2447 620 2527; x_wconf 91' lang='lat' dir='ltr'>comparuit.</span> 
     </span>
    </p>

    <p class='ocr_par' dir='ltr' id='par_1_12' title="bbox 235 2549 1498 2739">
     <span class='ocr_line' id='line_1_21' title="bbox 341 2549 1498 2632; baseline -0.003 -18"><span class='ocrx_word' id='word_1_131' title='bbox 341 2554 418 2614; x_wconf 90' lang='lat' dir='ltr'>Item</span> <span class='ocrx_word' id='word_1_132' title='bbox 444 2572 536 2614; x_wconf 90' lang='lat' dir='ltr'>causa</span> <span class='ocrx_word' id='word_1_133' title='bbox 562 2553 692 2613; x_wconf 89' lang='lat' dir='ltr'>domine</span> <span class='ocrx_word' id='word_1_134' title='bbox 718 2552 917 2632; x_wconf 87' lang='lat' dir='ltr'>Margarethe</span> <span class='ocrx_word' id='word_1_135' title='bbox 950 2567 1060 2613; x_wconf 91' lang='lat' dir='ltr'>contra</span> <span class='ocrx_word' id='word_1_136' title='bbox 1085 2549 1261 2630; x_wconf 92' lang='lat' dir='ltr'>Georgium</span> <span class='ocrx_word' id='word_1_137' title='bbox 1296 2550 1498 2630; x_wconf 91' lang='lat' dir='ltr'>vigilatorem</span> 
     </span>
     <span class='ocr_line' id='line_1_22' title="bbox 235 2658 840 2739; baseline -0.003 -19"><span class='ocrx_word' id='word_1_138' title='bbox 235 2660 274 2720; x_wconf 92' lang='lat' dir='ltr'>ad</span> <span class='ocrx_word' id='word_1_139' title='bbox 301 2674 450 2720; x_wconf 87' lang='lat' dir='ltr'>octavum</span> <span class='ocrx_word' id='word_1_140' title='bbox 476 2658 562 2719; x_wconf 92' lang='lat' dir='ltr'>diem</span> <span class='ocrx_word' id='word_1_141' title='bbox 589 2672 635 2720; x_wconf 92' lang='lat' dir='ltr'>est</span> <span class='ocrx_word' id='word_1_142' title='bbox 660 2673 840 2739; x_wconf 91' lang='lat' dir='ltr'>prorogata.</span> 
     </span>
    </p>

    <p class='ocr_par' dir='ltr' id='par_1_13' title="bbox 234 2763 1498 3162">
     <span class='ocr_line' id='line_1_23' title="bbox 343 2763 1498 2846; baseline -0.003 -21"><span class='ocrx_word' id='word_1_143' title='bbox 343 2765 419 2825; x_wconf 84' lang='lat' dir='ltr'>item</span> <span class='ocrx_word' id='word_1_144' title='bbox 445 2765 570 2840; x_wconf 92' lang='lat' dir='ltr'>domos,</span> <span class='ocrx_word' id='word_1_145' title='bbox 602 2765 817 2846; x_wconf 86' lang='lat' dir='ltr'>possessiones</span> <span class='ocrx_word' id='word_1_146' title='bbox 849 2779 880 2825; x_wconf 92' lang='lat' dir='ltr'>et</span> <span class='ocrx_word' id='word_1_147' title='bbox 912 2765 1074 2825; x_wconf 90' lang='lat' dir='ltr'>universas</span> <span class='ocrx_word' id='word_1_148' title='bbox 1102 2784 1151 2825; x_wconf 91' lang='lat' dir='ltr'>res</span> <span class='ocrx_word' id='word_1_149' title='bbox 1182 2778 1213 2824; x_wconf 89' lang='lat' dir='ltr'>et</span> <span class='ocrx_word' id='word_1_150' title='bbox 1237 2763 1380 2843; x_wconf 82' lang='lat' dir='ltr'>quelibet</span> <span class='ocrx_word' id='word_1_151' title='bbox 1414 2764 1498 2822; x_wconf 91' lang='lat' dir='ltr'>bona</span> 
     </span>
     <span class='ocr_line' id='line_1_24' title="bbox 236 2866 1498 2951; baseline -0.003 -20"><span class='ocrx_word' id='word_1_152' title='bbox 236 2870 390 2951; x_wconf 84' lang='lat' dir='ltr'>Stephani</span> <span class='ocrx_word' id='word_1_153' title='bbox 424 2869 579 2950; x_wconf 85' lang='lat' dir='ltr'>Pondych</span> <span class='ocrx_word' id='word_1_154' title='bbox 611 2884 642 2930; x_wconf 90' lang='lat' dir='ltr'>et</span> <span class='ocrx_word' id='word_1_155' title='bbox 675 2869 822 2950; x_wconf 87' lang='lat' dir='ltr'>Gregorii</span> <span class='ocrx_word' id='word_1_156' title='bbox 854 2869 912 2931; x_wconf 87' lang='lat' dir='ltr'>filii</span> <span class='ocrx_word' id='word_1_157' title='bbox 945 2870 992 2929; x_wconf 92' lang='lat' dir='ltr'>sui</span> <span class='ocrx_word' id='word_1_158' title='bbox 1024 2871 1057 2930; x_wconf 92' lang='lat' dir='ltr'>in</span> <span class='ocrx_word' id='word_1_159' title='bbox 1081 2883 1145 2931; x_wconf 90' lang='lat' dir='ltr'>tres</span> <span class='ocrx_word' id='word_1_160' title='bbox 1176 2882 1280 2950; x_wconf 89' lang='lat' dir='ltr'>partes</span> <span class='ocrx_word' id='word_1_161' title='bbox 1304 2866 1498 2944; x_wconf 89' lang='lat' dir='ltr'>dividantur,</span> 
     </span>
     <span class='ocr_line' id='line_1_25' title="bbox 234 2973 1495 3056; baseline -0.001 -21"><span class='ocrx_word' id='word_1_162' title='bbox 234 2994 369 3055; x_wconf 88' lang='lat' dir='ltr'>quarum</span> <span class='ocrx_word' id='word_1_163' title='bbox 407 2995 469 3035; x_wconf 90' lang='lat' dir='ltr'>una</span> <span class='ocrx_word' id='word_1_164' title='bbox 504 2994 576 3055; x_wconf 90' lang='lat' dir='ltr'>pars</span> <span class='ocrx_word' id='word_1_165' title='bbox 610 2975 791 3056; x_wconf 88' lang='lat' dir='ltr'>Stephan0,</span> <span class='ocrx_word' id='word_1_166' title='bbox 827 2975 924 3036; x_wconf 89' lang='lat' dir='ltr'>altera</span> <span class='ocrx_word' id='word_1_167' title='bbox 961 2974 1118 3055; x_wconf 89' lang='lat' dir='ltr'>Gregorio</span> <span class='ocrx_word' id='word_1_168' title='bbox 1154 2989 1184 3035; x_wconf 91' lang='lat' dir='ltr'>et</span> <span class='ocrx_word' id='word_1_169' title='bbox 1221 2973 1317 3034; x_wconf 87' lang='lat' dir='ltr'>tercia</span> <span class='ocrx_word' id='word_1_170' title='bbox 1355 2973 1495 3034; x_wconf 89' lang='lat' dir='ltr'>consorti</span> 
     </span>
     <span class='ocr_line' id='line_1_26' title="bbox 236 3081 402 3162; baseline -0.006 -19"><span class='ocrx_word' id='word_1_171' title='bbox 236 3081 402 3162; x_wconf 87' lang='lat' dir='ltr'>Stephani.</span> 
     </span>
    </p>

    <p class='ocr_par' dir='ltr' id='par_1_14' title="bbox 236 3184 1497 3374">
     <span class='ocr_line' id='line_1_27' title="bbox 343 3184 1497 3267; baseline 0 -20"><span class='ocrx_word' id='word_1_172' title='bbox 343 3187 420 3248; x_wconf 87' lang='lat' dir='ltr'>Item</span> <span class='ocrx_word' id='word_1_173' title='bbox 445 3187 590 3248; x_wconf 84' lang='lat' dir='ltr'>Andreas</span> <span class='ocrx_word' id='word_1_174' title='bbox 613 3201 701 3248; x_wconf 88' lang='lat' dir='ltr'>sutor</span> <span class='ocrx_word' id='word_1_175' title='bbox 734 3200 847 3248; x_wconf 88' lang='lat' dir='ltr'>octavo</span> <span class='ocrx_word' id='word_1_176' title='bbox 879 3188 931 3249; x_wconf 91' lang='lat' dir='ltr'>die</span> <span class='ocrx_word' id='word_1_177' title='bbox 956 3186 1098 3248; x_wconf 90' lang='lat' dir='ltr'>secundo</span> <span class='ocrx_word' id='word_1_178' title='bbox 1122 3206 1155 3247; x_wconf 91' lang='lat' dir='ltr'>se</span> <span class='ocrx_word' id='word_1_179' title='bbox 1187 3205 1282 3267; x_wconf 91' lang='lat' dir='ltr'>super</span> <span class='ocrx_word' id='word_1_180' title='bbox 1306 3205 1344 3246; x_wconf 92' lang='lat' dir='ltr'>eo</span> <span class='ocrx_word' id='word_1_181' title='bbox 1368 3184 1497 3265; x_wconf 86' lang='lat' dir='ltr'>jurabit,</span> 
     </span>
     <span class='ocr_line' id='line_1_28' title="bbox 236 3292 846 3374; baseline 0.003 -20"><span class='ocrx_word' id='word_1_182' title='bbox 236 3295 324 3374; x_wconf 90' lang='lat' dir='ltr'>quod</span> <span class='ocrx_word' id='word_1_183' title='bbox 349 3293 453 3374; x_wconf 89' lang='lat' dir='ltr'>ipsum</span> <span class='ocrx_word' id='word_1_184' title='bbox 480 3292 615 3354; x_wconf 86' lang='lat' dir='ltr'>Selezko</span> <span class='ocrx_word' id='word_1_185' title='bbox 640 3293 846 3356; x_wconf 88' lang='lat' dir='ltr'>vulnerasset.</span> 
     </span>
    </p>

    <p class='ocr_par' dir='ltr' id='par_1_15' title="bbox 233 3395 1498 3587">
     <span class='ocr_line' id='line_1_29' title="bbox 341 3395 1498 3480; baseline -0.002 -21"><span class='ocrx_word' id='word_1_186' title='bbox 341 3399 419 3461; x_wconf 86' lang='lat' dir='ltr'>item</span> <span class='ocrx_word' id='word_1_187' title='bbox 450 3418 530 3460; x_wconf 84' lang='lat' dir='ltr'>uxor</span> <span class='ocrx_word' id='word_1_188' title='bbox 555 3399 638 3460; x_wconf 88' lang='lat' dir='ltr'>Petri</span> <span class='ocrx_word' id='word_1_189' title='bbox 662 3399 750 3479; x_wconf 91' lang='lat' dir='ltr'>longi</span> <span class='ocrx_word' id='word_1_190' title='bbox 776 3419 878 3480; x_wconf 90' lang='lat' dir='ltr'>usque</span> <span class='ocrx_word' id='word_1_191' title='bbox 902 3398 1081 3479; x_wconf 86' lang='lat' dir='ltr'>quindenas</span> <span class='ocrx_word' id='word_1_192' title='bbox 1105 3397 1244 3458; x_wconf 84' lang='lat' dir='ltr'>consorti</span> <span class='ocrx_word' id='word_1_193' title='bbox 1269 3397 1392 3458; x_wconf 90' lang='lat' dir='ltr'>domini</span> <span class='ocrx_word' id='word_1_194' title='bbox 1419 3395 1498 3458; x_wconf 91' lang='lat' dir='ltr'>Gre-</span> 
     </span>
     <span class='ocr_line' id='line_1_30' title="bbox 233 3503 1324 3587; baseline -0.001 -21"><span class='ocrx_word' id='word_1_195' title='bbox 233 3506 315 3586; x_wconf 91' lang='lat' dir='ltr'>gorii</span> <span class='ocrx_word' id='word_1_196' title='bbox 341 3504 456 3586; x_wconf 85' lang='lat' dir='ltr'>Angeli</span> <span class='ocrx_word' id='word_1_197' title='bbox 481 3524 539 3587; x_wconf 95' lang='lat' dir='ltr'>pro</span> <span class='ocrx_word' id='word_1_198' title='bbox 563 3525 622 3565; x_wconf 92' lang='lat' dir='ltr'>suo</span> <span class='ocrx_word' id='word_1_199' title='bbox 647 3505 806 3586; x_wconf 91' lang='lat' dir='ltr'>vituperio</span> <span class='ocrx_word' id='word_1_200' title='bbox 824 3506 902 3566; x_wconf 86' lang='lat' dir='ltr'>duas</span> <span class='ocrx_word' id='word_1_201' title='bbox 927 3524 1048 3565; x_wconf 90' lang='lat' dir='ltr'>marcas</span> <span class='ocrx_word' id='word_1_202' title='bbox 1072 3504 1195 3565; x_wconf 92' lang='lat' dir='ltr'>solvere</span> <span class='ocrx_word' id='word_1_203' title='bbox 1220 3503 1324 3565; x_wconf 90' lang='lat' dir='ltr'>debet.</span> 
     </span>
    </p>

    <p class='ocr_par' dir='ltr' id='par_1_16' title="bbox 234 3607 1499 3798">
     <span class='ocr_line' id='line_1_31' title="bbox 341 3607 1499 3673; baseline 0 -3"><span class='ocrx_word' id='word_1_204' title='bbox 341 3610 419 3672; x_wconf 90' lang='lat' dir='ltr'>Item</span> <span class='ocrx_word' id='word_1_205' title='bbox 444 3630 536 3671; x_wconf 91' lang='lat' dir='ltr'>causa</span> <span class='ocrx_word' id='word_1_206' title='bbox 561 3610 724 3671; x_wconf 89' lang='lat' dir='ltr'>Valentini</span> <span class='ocrx_word' id='word_1_207' title='bbox 750 3608 861 3671; x_wconf 85' lang='lat' dir='ltr'>famuli</span> <span class='ocrx_word' id='word_1_208' title='bbox 888 3611 977 3671; x_wconf 84' lang='lat' dir='ltr'>Luka</span> <span class='ocrx_word' id='word_1_209' title='bbox 1001 3624 1110 3671; x_wconf 90' lang='lat' dir='ltr'>contra</span> <span class='ocrx_word' id='word_1_210' title='bbox 1136 3657 1143 3673; x_wconf 90' lang='lat'>.</span> <span class='ocrx_word' id='word_1_211' title='bbox 1168 3659 1175 3672; x_wconf 92' lang='lat'>.</span> <span class='ocrx_word' id='word_1_212' title='bbox 1201 3607 1357 3669; x_wconf 86' lang='lat' dir='ltr'>carnificis</span> <span class='ocrx_word' id='word_1_213' title='bbox 1381 3608 1420 3669; x_wconf 88' lang='lat' dir='ltr'>ad</span> <span class='ocrx_word' id='word_1_214' title='bbox 1446 3628 1499 3670; x_wconf 88' lang='lat' dir='ltr'>oc·</span> 
     </span>
     <span class='ocr_line' id='line_1_32' title="bbox 234 3717 729 3798; baseline 0 -20"><span class='ocrx_word' id='word_1_215' title='bbox 234 3732 344 3778; x_wconf 90' lang='lat' dir='ltr'>tavum</span> <span class='ocrx_word' id='word_1_216' title='bbox 369 3717 455 3777; x_wconf 91' lang='lat' dir='ltr'>diem</span> <span class='ocrx_word' id='word_1_217' title='bbox 480 3728 527 3777; x_wconf 90' lang='lat' dir='ltr'>est</span> <span class='ocrx_word' id='word_1_218' title='bbox 549 3730 729 3798; x_wconf 88' lang='lat' dir='ltr'>prorogata.</span> 
     </span>
    </p>

    <p class='ocr_par' dir='ltr' id='par_1_17' title="bbox 234 3819 1499 4434">
     <span class='ocr_line' id='line_1_33' title="bbox 341 3819 1499 3904; baseline -0.002 -20"><span class='ocrx_word' id='word_1_219' title='bbox 341 3824 419 3884; x_wconf 90' lang='lat' dir='ltr'>Item</span> <span class='ocrx_word' id='word_1_220' title='bbox 445 3823 519 3884; x_wconf 90' lang='lat' dir='ltr'>licet</span> <span class='ocrx_word' id='word_1_221' title='bbox 542 3823 674 3884; x_wconf 90' lang='lat' dir='ltr'>domina</span> <span class='ocrx_word' id='word_1_222' title='bbox 691 3823 798 3884; x_wconf 87' lang='lat' dir='ltr'>relicta</span> <span class='ocrx_word' id='word_1_223' title='bbox 821 3823 976 3884; x_wconf 87' lang='lat' dir='ltr'>Johannis</span> <span class='ocrx_word' id='word_1_224' title='bbox 992 3822 1135 3904; x_wconf 85' lang='lat' dir='ltr'>Zagorch</span> <span class='ocrx_word' id='word_1_225' title='bbox 1161 3835 1192 3882; x_wconf 90' lang='lat' dir='ltr'>et</span> <span class='ocrx_word' id='word_1_226' title='bbox 1209 3827 1336 3902; x_wconf 84' lang='lat' dir='ltr'>Agnesa</span> <span class='ocrx_word' id='word_1_227' title='bbox 1360 3819 1424 3882; x_wconf 88' lang='lat' dir='ltr'>filia</span> <span class='ocrx_word' id='word_1_228' title='bbox 1443 3841 1499 3882; x_wconf 90' lang='lat' dir='ltr'>sua</span> 
     </span>
     <span class='ocr_line' id='line_1_34' title="bbox 234 3927 1497 4010; baseline -0.002 -22"><span class='ocrx_word' id='word_1_229' title='bbox 234 3928 407 4008; x_wconf 88' lang='lat' dir='ltr'>quemdam</span> <span class='ocrx_word' id='word_1_230' title='bbox 432 3927 568 3988; x_wconf 89' lang='lat' dir='ltr'>fundum</span> <span class='ocrx_word' id='word_1_231' title='bbox 594 3929 729 3989; x_wconf 90' lang='lat' dir='ltr'>emerint</span> <span class='ocrx_word' id='word_1_232' title='bbox 753 3943 784 3990; x_wconf 93' lang='lat' dir='ltr'>et</span> <span class='ocrx_word' id='word_1_233' title='bbox 805 3929 888 3990; x_wconf 85' lang='lat' dir='ltr'>[wau</span> <span class='ocrx_word' id='word_1_234' title='bbox 906 3928 991 3990; x_wconf 85' lang='lat' dir='ltr'>filius</span> <span class='ocrx_word' id='word_1_235' title='bbox 1015 3930 1114 4010; x_wconf 89' lang='lat' dir='ltr'>ipsius</span> <span class='ocrx_word' id='word_1_236' title='bbox 1139 3927 1283 4009; x_wconf 90' lang='lat' dir='ltr'>Zagorch</span> <span class='ocrx_word' id='word_1_237' title='bbox 1309 3928 1339 3989; x_wconf 91' lang='lat' dir='ltr'>in</span> <span class='ocrx_word' id='word_1_238' title='bbox 1366 3927 1497 4007; x_wconf 89' lang='lat' dir='ltr'>legistro</span> 
     </span>
     <span class='ocr_line' id='line_1_35' title="bbox 235 4030 1497 4116; baseline 0 -24"><span class='ocrx_word' id='word_1_239' title='bbox 235 4034 369 4093; x_wconf 90' lang='lat' dir='ltr'>insertus</span> <span class='ocrx_word' id='word_1_240' title='bbox 393 4053 459 4094; x_wconf 93' lang='lat' dir='ltr'>non</span> <span class='ocrx_word' id='word_1_241' title='bbox 484 4032 588 4112; x_wconf 83' lang='lat' dir='ltr'>fuerit,</span> <span class='ocrx_word' id='word_1_242' title='bbox 613 4048 721 4095; x_wconf 90' lang='lat' dir='ltr'>tamen</span> <span class='ocrx_word' id='word_1_243' title='bbox 746 4035 821 4115; x_wconf 90' lang='lat' dir='ltr'>quia</span> <span class='ocrx_word' id='word_1_244' title='bbox 839 4035 944 4096; x_wconf 92' lang='lat' dir='ltr'>eidem</span> <span class='ocrx_word' id='word_1_245' title='bbox 970 4035 1054 4095; x_wconf 82' lang='lat' dir='ltr'>Ivvan</span> <span class='ocrx_word' id='word_1_246' title='bbox 1079 4035 1175 4096; x_wconf 92' lang='lat' dir='ltr'>tercia</span> <span class='ocrx_word' id='word_1_247' title='bbox 1192 4054 1264 4116; x_wconf 92' lang='lat' dir='ltr'>pars</span> <span class='ocrx_word' id='word_1_248' title='bbox 1288 4033 1387 4114; x_wconf 91' lang='lat' dir='ltr'>ipsius</span> <span class='ocrx_word' id='word_1_249' title='bbox 1405 4030 1497 4092; x_wconf 85' lang='lat' dir='ltr'>fundi</span> 
     </span>
     <span class='ocr_line' id='line_1_36' title="bbox 235 4139 1499 4223; baseline -0.001 -24"><span class='ocrx_word' id='word_1_250' title='bbox 235 4140 393 4220; x_wconf 88' lang='lat' dir='ltr'>provenit,</span> <span class='ocrx_word' id='word_1_251' title='bbox 411 4139 484 4200; x_wconf 91' lang='lat' dir='ltr'>ideo</span> <span class='ocrx_word' id='word_1_252' title='bbox 502 4140 607 4201; x_wconf 87' lang='lat' dir='ltr'>eidem</span> <span class='ocrx_word' id='word_1_253' title='bbox 624 4141 709 4202; x_wconf 89' lang='lat' dir='ltr'>Iwao</span> <span class='ocrx_word' id='word_1_254' title='bbox 726 4142 857 4202; x_wconf 89' lang='lat' dir='ltr'>terciam</span> <span class='ocrx_word' id='word_1_255' title='bbox 875 4155 997 4223; x_wconf 91' lang='lat' dir='ltr'>partem</span> <span class='ocrx_word' id='word_1_256' title='bbox 1015 4142 1129 4202; x_wconf 90' lang='lat' dir='ltr'>eodem</span> <span class='ocrx_word' id='word_1_257' title='bbox 1146 4141 1213 4220; x_wconf 82' lang='lat' dir='ltr'>jure</span> <span class='ocrx_word' id='word_1_258' title='bbox 1231 4140 1499 4220; x_wconf 81' lang='lat' dir='ltr'>adjudicavimus,</span> 
     </span>
     <span class='ocr_line' id='line_1_37' title="bbox 235 4245 1495 4328; baseline 0.001 -24"><span class='ocrx_word' id='word_1_259' title='bbox 235 4245 289 4305; x_wconf 92' lang='lat' dir='ltr'>sed</span> <span class='ocrx_word' id='word_1_260' title='bbox 316 4264 484 4325; x_wconf 89' lang='lat' dir='ltr'>quousque</span> <span class='ocrx_word' id='word_1_261' title='bbox 503 4245 569 4326; x_wconf 90' lang='lat' dir='ltr'>ipse</span> <span class='ocrx_word' id='word_1_262' title='bbox 594 4245 677 4307; x_wconf 80' lang='lat' dir='ltr'>Ivvan</span> <span class='ocrx_word' id='word_1_263' title='bbox 703 4247 838 4308; x_wconf 92' lang='lat' dir='ltr'>domum</span> <span class='ocrx_word' id='word_1_264' title='bbox 863 4249 978 4325; x_wconf 88' lang='lat' dir='ltr'>veniet,</span> <span class='ocrx_word' id='word_1_265' title='bbox 1005 4248 1107 4328; x_wconf 92' lang='lat' dir='ltr'>ipsum</span> <span class='ocrx_word' id='word_1_266' title='bbox 1134 4246 1270 4307; x_wconf 86' lang='lat' dir='ltr'>iuodum</span> <span class='ocrx_word' id='word_1_267' title='bbox 1289 4246 1369 4306; x_wconf 91' lang='lat' dir='ltr'>inter</span> <span class='ocrx_word' id='word_1_268' title='bbox 1394 4245 1495 4326; x_wconf 89' lang='lat' dir='ltr'>ipsam</span> 
     </span>
     <span class='ocr_line' id='line_1_38' title="bbox 235 4351 1433 4434; baseline 0.001 -23"><span class='ocrx_word' id='word_1_269' title='bbox 235 4352 401 4412; x_wconf 92' lang='lat' dir='ltr'>dominam</span> <span class='ocrx_word' id='word_1_270' title='bbox 425 4352 566 4412; x_wconf 70' lang='lat' dir='ltr'>relictam</span> <span class='ocrx_word' id='word_1_271' title='bbox 593 4352 747 4413; x_wconf 89' lang='lat' dir='ltr'>Johannis</span> <span class='ocrx_word' id='word_1_272' title='bbox 771 4367 802 4414; x_wconf 92' lang='lat' dir='ltr'>et</span> <span class='ocrx_word' id='word_1_273' title='bbox 826 4359 987 4434; x_wconf 83' lang='lat' dir='ltr'>Agnesam</span> <span class='ocrx_word' id='word_1_274' title='bbox 1013 4355 1043 4414; x_wconf 92' lang='lat' dir='ltr'>in</span> <span class='ocrx_word' id='word_1_275' title='bbox 1069 4353 1149 4414; x_wconf 90' lang='lat' dir='ltr'>duas</span> <span class='ocrx_word' id='word_1_276' title='bbox 1173 4366 1277 4434; x_wconf 91' lang='lat' dir='ltr'>partes</span> <span class='ocrx_word' id='word_1_277' title='bbox 1301 4351 1433 4412; x_wconf 90' lang='lat' dir='ltr'>dividat.</span> 
     </span>
    </p>

    <p class='ocr_par' dir='ltr' id='par_1_18' title="bbox 236 4456 1498 4644">
     <span class='ocr_line' id='line_1_39' title="bbox 342 4456 1498 4540; baseline -0.002 -22"><span class='ocrx_word' id='word_1_278' title='bbox 342 4458 419 4518; x_wconf 84' lang='lat' dir='ltr'>{tem</span> <span class='ocrx_word' id='word_1_279' title='bbox 453 4456 612 4537; x_wconf 88' lang='lat' dir='ltr'>Georgius</span> <span class='ocrx_word' id='word_1_280' title='bbox 635 4456 719 4519; x_wconf 90' lang='lat' dir='ltr'>filius</span> <span class='ocrx_word' id='word_1_281' title='bbox 744 4459 912 4520; x_wconf 91' lang='lat' dir='ltr'>Chernech</span> <span class='ocrx_word' id='word_1_282' title='bbox 939 4473 1002 4521; x_wconf 92' lang='lat' dir='ltr'>tres</span> <span class='ocrx_word' id='word_1_283' title='bbox 1027 4479 1140 4540; x_wconf 86' lang='lat' dir='ltr'>pensas</span> <span class='ocrx_word' id='word_1_284' title='bbox 1164 4458 1372 4519; x_wconf 87' lang='lat' dir='ltr'>denariorum</span> <span class='ocrx_word' id='word_1_285' title='bbox 1397 4476 1498 4537; x_wconf 90' lang='lat' dir='ltr'>usque</span> 
     </span>
     <span class='ocr_line' id='line_1_40' title="bbox 236 4563 1149 4644; baseline 0.002 -19"><span class='ocrx_word' id='word_1_286' title='bbox 236 4564 416 4644; x_wconf 87' lang='lat' dir='ltr'>quindenas</span> <span class='ocrx_word' id='word_1_287' title='bbox 441 4563 572 4623; x_wconf 89' lang='lat' dir='ltr'>domine</span> <span class='ocrx_word' id='word_1_288' title='bbox 597 4565 737 4624; x_wconf 92' lang='lat' dir='ltr'>consorti</span> <span class='ocrx_word' id='word_1_289' title='bbox 764 4564 871 4626; x_wconf 91' lang='lat' dir='ltr'>Bartol</span> <span class='ocrx_word' id='word_1_290' title='bbox 895 4566 1018 4626; x_wconf 88' lang='lat' dir='ltr'>solvere</span> <span class='ocrx_word' id='word_1_291' title='bbox 1044 4565 1149 4627; x_wconf 90' lang='lat' dir='ltr'>debet.</span> 
     </span>
    </p>

    <p class='ocr_par' dir='ltr' id='par_1_19' title="bbox 236 4667 1500 4857">
     <span class='ocr_line' id='line_1_41' title="bbox 342 4667 1500 4733; baseline -0.003 -2"><span class='ocrx_word' id='word_1_292' title='bbox 342 4670 418 4731; x_wconf 92' lang='lat' dir='ltr'>ltem</span> <span class='ocrx_word' id='word_1_293' title='bbox 454 4689 547 4730; x_wconf 86' lang='lat' dir='ltr'>causa</span> <span class='ocrx_word' id='word_1_294' title='bbox 580 4669 719 4731; x_wconf 89' lang='lat' dir='ltr'>Emerici</span> <span class='ocrx_word' id='word_1_295' title='bbox 750 4684 859 4733; x_wconf 88' lang='lat' dir='ltr'>contra</span> <span class='ocrx_word' id='word_1_296' title='bbox 892 4671 1054 4733; x_wconf 88' lang='lat' dir='ltr'>Jaklinum</span> <span class='ocrx_word' id='word_1_297' title='bbox 1086 4671 1125 4732; x_wconf 92' lang='lat' dir='ltr'>ad</span> <span class='ocrx_word' id='word_1_298' title='bbox 1157 4684 1306 4731; x_wconf 88' lang='lat' dir='ltr'>octavum</span> <span class='ocrx_word' id='word_1_299' title='bbox 1341 4670 1427 4731; x_wconf 90' lang='lat' dir='ltr'>diem</span> <span class='ocrx_word' id='word_1_300' title='bbox 1460 4667 1500 4729; x_wconf 93' lang='lat' dir='ltr'>ad</span> 
     </span>
     <span class='ocr_line' id='line_1_42' title="bbox 236 4789 578 4857; baseline 0.003 -20"><span class='ocrx_word' id='word_1_301' title='bbox 236 4796 347 4857; x_wconf 92' lang='lat' dir='ltr'>pacem</span> <span class='ocrx_word' id='word_1_302' title='bbox 373 4790 419 4837; x_wconf 92' lang='lat' dir='ltr'>est</span> <span class='ocrx_word' id='word_1_303' title='bbox 441 4789 578 4857; x_wconf 86' lang='lat' dir='ltr'>recepta.</span> 
     </span>
    </p>
   </div>
   <div class='ocr_carea' id='block_1_3' title="bbox 0 0 1742 5234">
    <p class='ocr_par' dir='ltr' id='par_1_20' title="bbox 0 0 1742 5234">
     <span class='ocr_line' id='line_1_43' title="bbox 0 0 1742 5234; baseline 0 0"><span class='ocrx_word' id='word_1_304' title='bbox 0 0 1742 5234; x_wconf 95' lang='lat' dir='ltr'> </span> 
     </span>
    </p>
   </div>
  </div>
 </body>
</html>
