3472 5234
386 495 463 556 Item
486 515 580 556 causa
612 494 767 556 Iohannis
799 495 896 555 Vasas
928 507 1036 555 contra
1062 493 1233 554 Nicolaum
1265 492 1367 553 filium
1394 492 1479 554 Iwan
1503 492 1542 554 ad

279 603 419 685 primunr
444 601 600 681 judicium
624 614 696 682 post
719 600 895 661 adventum
913 599 1046 661 Fabiani
1073 598 1130 660 filii
1155 598 1281 661 Nicolai
1298 612 1345 660 est
1361 610 1543 681 prorogata.

386 708 463 769 Item
498 707 691 769 Benedictus
723 706 866 768 Gallicus
897 721 1010 768 octavo
1042 705 1093 766 die
1118 725 1174 787 per
1205 705 1349 767 relictam
1375 704 1487 767 Tadee
1514 718 1545 766 et

279 814 464 896 Philippum
490 813 593 875 filium
617 813 734 876 medici
758 813 819 875 boc
842 812 1000 892 atestabit‚
1033 812 1121 894 quod
1146 812 1299 874 Nicolaus
1324 811 1543 893 carpentarius

279 921 440 1003 quandam
465 939 591 983 comam
617 919 782 982 Benedicti
806 919 977 1001 recepisset
1000 932 1072 980 ante
1100 919 1277 981 stacionem
1301 937 1403 979 suam.

385 1028 461 1089 Item
488 1046 582 1089 causa
607 1025 739 1107 Georgii
765 1026 862 1087 Loter
895 1039 1004 1086 contra
1036 1027 1179 1088 Marcum
1211 1023 1315 1086 filium
1341 1024 1477 1107 Mykech
1503 1024 1542 1087 ad

279 1146 428 1195 octavum
453 1133 538 1195 diem
564 1132 603 1193 ad
628 1151 739 1215 pacem
764 1146 810 1193 est
834 1145 970 1214 recepta.

384 1240 461 1301 Item
487 1238 566 1321 (per)
590 1252 685 1301 testes
708 1236 826 1321 (causa)
852 1238 950 1300 Marci
975 1236 1032 1299 filii
1066 1236 1187 1299 Gemze
1220 1251 1330 1300 contra
1362 1237 1475 1299 Valese
1500 1236 1542 1299 ad

279 1357 427 1407 octavum
452 1344 537 1406 diem
563 1345 602 1406 ad
626 1364 737 1428 pacem
762 1358 808 1406 est
832 1359 967 1428 recepta.

386 1451 463 1512 Item
488 1452 619 1512 domina
644 1451 752 1513 relicta
786 1451 897 1512 Raden
930 1464 1040 1513 contra
1065 1450 1218 1513 Mathiam
1248 1463 1402 1512 sartorem
1436 1451 1541 1534 primo

281 1558 376 1621 citata
404 1577 470 1620 non
494 1558 682 1640 comparuit.

387 1664 465 1727 Item
489 1664 666 1726 Damianus
690 1665 861 1747 Hlebopek
879 1678 989 1726 eontra
1007 1664 1154 1726 Matheus
1174 1663 1316 1727 secundo
1340 1664 1453 1725 citatus
1477 1683 1542 1726 non

280 1771 470 1854 comparuit.

386 1877 464 1938 Item
496 1895 591 1937 causa
623 1876 703 1959 Elye
734 1876 824 1958 parvi
861 1889 970 1939 contra
1003 1876 1117 1937 Paulas
1141 1875 1181 1937 ad
1212 1876 1352 1959 prImum
1384 1875 1541 1957 judcium

280 1997 351 2065 post
374 1983 548 2044 adventurn
572 1982 648 2044 dicti
673 1983 787 2044 Paulas
811 1996 857 2044 est
884 1995 1066 2065 prorogata.

385 2089 464 2150 Item
496 2109 588 2150 causa
620 2087 775 2150 Anthonii
808 2088 865 2150 filii
890 2089 989 2150 Renis
1029 2103 1138 2151 contra
1163 2089 1343 2152 Iohannem
1368 2090 1486 2152 Donati
1510 2103 1542 2152 et

279 2195 424 2256 Marcum
448 2193 550 2256 finum
575 2194 711 2277 Mykech
736 2194 776 2255 ad
801 2209 949 2257 octavum
978 2194 1064 2256 diem
1089 2194 1129 2256 ad
1153 2214 1265 2277 pacem
1290 2209 1336 2258 est
1360 2210 1497 2279 recepta.

386 2300 462 2361 Item
489 2301 591 2362 JaIIrel
615 2315 724 2362 contra
747 2299 866 2362 Worih
890 2299 1023 2382 figulum
1049 2314 1164 2362 octavo
1188 2301 1239 2362 die
1264 2302 1482 2384 respondebit.

385 2406 462 2468 Item
488 2426 581 2468 causa
607 2407 725 2468 Mathei
750 2421 859 2468 contra
889 2406 1089 2490 Mychaelem
1121 2405 1224 2468 filium
1250 2407 1398 2469 Damiani
1424 2407 1464 2469 ad
1488 2427 1541 2470 oc·

278 2519 386 2574 tavum
412 2512 499 2574 diem
523 2514 563 2575 ad
586 2534 699 2597 pacem
723 2528 770 2576 est
793 2528 929 2597 recepta.

386 2620 463 2682 Item
488 2620 654 2682 Emericus
677 2640 811 2703 arcupar
842 2634 951 2682 contra
976 2620 1156 2682 Iohannem
1190 2619 1325 2702 figulum
1351 2635 1465 2682 octavo
1490 2620 1542 2681 die

278 2726 498 2809 respondebit.

341 2945 437 3018 Feria
465 2950 572 3020 tercia
601 2951 858 3036 proximante
885 2949 1008 3021 festum
1036 2949 1125 3020 beati
1155 2948 1286 3037 Georgii
1315 2951 1478 3021 martiris.

807 3098 871 3179 (21.
902 3103 1029 3179 aprilis).

384 3240 462 3300 Item
500 3240 679 3322 Stephanus
714 3241 867 3323 Pondych
899 3255 1009 3304 contra
1041 3242 1258 3323 Dragozlaum
1288 3242 1393 3324 primo
1427 3243 1540 3305 citatus

280 3365 345 3406 non
370 3346 558 3428 comparuit.

388 3452 463 3512 Item
490 3451 597 3514 Endre
631 3453 696 3535 Syb
729 3469 837 3517 contra
870 3455 1029 3517 Janchech
1062 3455 1258 3518 aurifabrum
1292 3457 1397 3538 primo
1429 3457 1542 3518 citatus

281 3574 345 3617 non
371 3559 558 3639 comparuit.

386 3663 463 3724 Item
489 3664 650 3725 Johannes
672 3666 769 3728 Liber
786 3667 941 3730 Mauricio
959 3682 1097 3749 quatuor
1121 3669 1189 3732 flor.
1207 3671 1275 3731 auri
1293 3671 1418 3731 solvere
1435 3669 1541 3750 debet,

283 3788 364 3849 quos
387 3783 533 3851 tempore
558 3769 712 3833 Iohannis
735 3773 833 3834 Vasas
856 3773 981 3836 solvere
1005 3775 1125 3837 debens
1149 3796 1213 3837 non
1238 3776 1343 3839 solvit.

389 3874 466 3937 Item
492 3896 585 3938 causa
610 3878 764 3940 Iohannis
787 3879 844 3941 filii
870 3880 1024 3943 Hermani
1058 3897 1167 3945 contra
1191 3883 1391 3966 Mychaelem
1415 3884 1541 3946 stachu·

283 3981 407 4042 narium
432 3981 472 4041 ad
497 3996 644 4044 octavum
670 3983 756 4046 diem
781 3985 819 4045 ad
838 4005 948 4067 pacem
973 3999 1019 4048 est
1042 4002 1178 4070 recepta.

390 4087 466 4148 Item
501 4108 631 4150 consors
651 4090 795 4152 CristIIni
820 4105 930 4154 contra
963 4092 1130 4155 dominam
1163 4096 1303 4158 relictam
1330 4097 1454 4158 NicoIai
1480 4095 1539 4158 rufi

280 4192 422 4254 secundo
452 4193 544 4255 citata
570 4214 634 4256 non
658 4197 848 4278 comparuit.

387 4299 465 4361 Item
490 4301 598 4363 relicta
623 4301 735 4363 Raden
760 4317 869 4364 contra
888 4303 1040 4366 Mathiam
1065 4306 1262 4368 sacerdotem
1280 4308 1422 4370 secundo
1447 4309 1541 4371 citata

282 4426 347 4467 non
372 4408 560 4489 comparuit.

389 4512 467 4574 Item
491 4514 644 4576 Nicolaus
676 4515 847 4598 Marchych
882 4532 991 4579 contra
1015 4518 1100 4581 Iwan
1123 4519 1226 4582 filium
1258 4523 1410 4605 Loytrich
1434 4525 1540 4606 primo

282 4619 394 4680 citatus
425 4639 489 4680 non
518 4621 706 4703 comparuit.

388 4726 466 4788 Item
492 4724 659 4808 Gyaninus
679 4727 799 4809 juratus
815 4742 924 4792 contra
942 4730 1222 4818 Grachynoctavo
1246 4735 1298 4798 dIe
1321 4737 1539 4820 respondebit.
