3472 5234
621 337 818 417 Ann01378.
842 373 882 383 -
906 354 955 416 13.
979 341 1105 414 augusti.
1443 357 1499 421 143

338 553 416 614 item
442 553 497 615 Sib
522 564 632 613 contra
658 550 823 613 Geninum
848 552 954 633 primo
979 551 1092 612 citatus
1116 569 1181 611 non
1206 551 1396 631 comparuit.

339 658 419 721 Item
445 657 613 720 Ladislaus
636 657 757 738 juratus
780 672 895 718 octavo
920 656 972 718 die
997 676 1053 738 per
1076 655 1279 718 Anthonium
1303 670 1445 718 sutorem
1470 670 1500 717 et

234 765 413 827 Jobannem
439 764 626 846 selliparum
651 763 800 825 atestabit
823 762 911 843 quod
936 763 1040 844 ipsum
1066 762 1304 844 vituperaverit.

346 872 423 932 item
449 869 595 931 Geninus
619 888 757 930 assessor
781 888 879 950 quam
898 888 1026 929 causam
1050 888 1145 949 super
1170 867 1277 929 Lachk
1302 867 1500 950 quesivisset,

238 977 388 1060 perdidit,
413 977 489 1057 quia
512 976 545 1036 in
570 975 760 1036 testimoniis
784 973 911 1036 defecit.

342 1083 421 1144 Item
447 1081 600 1143 Nicolaus
623 1081 760 1141 condam
782 1079 877 1160 judex
895 1094 1009 1141 octavo
1034 1080 1085 1140 die
1110 1080 1258 1141 atestabit
1282 1080 1371 1161 quod
1395 1080 1500 1161 ipsum

236 1209 352 1272 parvus
378 1188 465 1249 Elias
488 1187 594 1248 verbis
617 1186 764 1267 turpibus
787 1185 952 1248 affecisset.

237 1407 334 1481 Faria
362 1421 459 1481 sexta
488 1410 642 1498 proxima
679 1416 758 1478 ante
785 1407 907 1478 festum
935 1406 1187 1496 Assumpcionis
1216 1408 1359 1494 virginis
1388 1407 1502 1478 Maria.

756 1571 817 1636 (13.
841 1560 984 1636 augusta).

343 1703 451 1763 Primo
476 1699 623 1782 Mycbael
648 1699 732 1761 filius
757 1699 848 1760 Pauli
881 1712 991 1760 contra
1022 1698 1192 1760 dominum
1217 1697 1364 1760 Priorem
1396 1698 1501 1780 primo

236 1809 348 1870 citatus
370 1827 435 1868 non
461 1807 650 1886 comparuit.

340 1913 417 1973 Item
443 1931 536 1972 causa
562 1912 702 1973 Brumen
727 1924 757 1971 et
775 1910 937 1972 Dominici
963 1924 1010 1972 est
1034 1931 1089 1991 per
1107 1909 1260 1992 Gyurgek
1277 1909 1317 1971 ad
1343 1923 1416 1970 octo
1433 1908 1502 1969 dies

236 2032 360 2099 recepta
385 2017 425 2077 ad
450 2037 572 2098 pacem.

342 2124 420 2184 Item
454 2122 560 2184 Mathe
586 2122 711 2185 Crisani
745 2135 854 2183 contra
886 2122 1050 2183 Andream
1074 2122 1129 2183 Sib
1162 2122 1266 2203 primo
1298 2121 1412 2182 citatus
1436 2140 1500 2182 non

234 2229 422 2310 comparuit.

339 2335 418 2395 Item
447 2353 540 2394 causa
565 2332 713 2394 Merclini
739 2346 769 2394 et
802 2333 909 2394 Mathe
933 2347 1079 2394 sutorum
1115 2346 1161 2394 est
1193 2353 1248 2416 per
1273 2331 1435 2394 Janchech
1469 2346 1500 2393 et

233 2438 403 2501 Nicolaum
427 2438 551 2501 Odolas
575 2438 616 2499 ad
639 2452 712 2499 octo
736 2438 804 2499 dies
827 2453 954 2521 recepta
978 2439 1018 2499 ad
1043 2458 1164 2521 pacem.

341 2545 419 2605 item
452 2564 545 2604 causa
577 2544 707 2605 Renarii
740 2559 769 2605 et
801 2545 957 2605 Johannis
990 2545 1105 2606 Lieber
1144 2558 1190 2605 est
1225 2565 1281 2627 per
1313 2545 1499 2625 magistrum

237 2650 374 2711 Paulum
399 2664 429 2711 et
454 2648 632 2730 Georgium
657 2650 818 2710 literatum
843 2650 884 2711 ad
912 2665 985 2711 octo
1011 2649 1079 2710 dies
1104 2665 1230 2731 recepta
1254 2650 1294 2710 ad
1319 2669 1441 2730 pacem.

341 2756 418 2817 item
444 2755 628 2816 Anthonius
653 2755 776 2816 Jursich
801 2771 912 2817 contra
944 2756 1034 2818 Hans
1057 2756 1221 2818 literatum
1254 2756 1358 2836 primo
1388 2756 1502 2817 citatus

236 2880 299 2922 non
327 2863 516 2943 comparuit.

343 2968 421 3028 Item
447 2968 588 3029 Bedicha
623 2967 763 3029 carnifex
796 2983 906 3029 contra
929 2988 979 3029 ser
1011 2967 1223 3029 Benedictum
1251 2968 1356 3049 primo
1388 2968 1501 3029 citatus

234 3093 299 3134 non
324 3075 514 3154 comparuit.

341 3179 420 3240 item
445 3180 514 3240 Kus
546 3180 585 3240 de
619 3179 771 3240 Pobresia
802 3193 911 3241 contra
937 3179 1042 3240 Elium
1076 3178 1207 3260 vigilem
1239 3192 1353 3240 octavo
1377 3178 1428 3240 die
1453 3199 1501 3239 re-

236 3285 417 3367 spondebit.

342 3392 421 3453 Item
445 3391 584 3453 Vardich
602 3391 782 3452 Johannem
798 3412 893 3472 super
910 3392 1061 3452 omnibus
1078 3390 1369 3472 depredacionibus
1386 3390 1502 3451 domus

237 3499 392 3560 Johannis
417 3497 473 3558 filii
498 3497 650 3558 chheni
675 3498 810 3558 omnino
835 3512 866 3558 et
888 3497 1028 3558 totaliter
1053 3497 1239 3578 expurgavit
1263 3516 1371 3558 coram
1397 3497 1500 3558 nobis.

341 3605 419 3665 Item
445 3604 515 3664 Elia
540 3602 700 3664 aurifaber
725 3604 756 3663 in
783 3603 956 3684 quindenis
977 3603 1129 3683 magistro
1154 3603 1303 3663 Emerico
1328 3601 1501 3662 castellano

236 3710 375 3771 mediam
401 3729 552 3786 marcam,
571 3729 668 3770 unam
686 3710 813 3770 unciam
831 3723 861 3770 et
878 3728 979 3770 unum
997 3711 1097 3771 nezek
1114 3708 1170 3770 fini
1189 3708 1311 3789 argenti
1330 3708 1504 3789 persolvet.

341 3816 419 3876 Item
445 3815 530 3875 idem
556 3815 627 3875 Elia
652 3813 813 3875 aurifaber
836 3835 868 3875 se
893 3814 966 3875 fidei
993 3815 1135 3896 magistri
1160 3813 1287 3875 Nicolai
1312 3814 1352 3874 de
1378 3813 1501 3874 Dobra-

235 3920 338 3982 kucba
363 3921 492 3981 racione
514 3921 651 3981 duarum
675 3940 854 3982 marcarum
879 3921 1001 4000 argenti
1026 3920 1185 3997 submisit,
1210 3919 1265 3980 fini
1290 3920 1423 4002 argenti.

345 4027 422 4088 Item
447 4047 539 4088 causa
565 4027 719 4088 Johannis
750 4025 896 4108 pellificis
921 4041 952 4088 et
984 4026 1059 4088 Slek
1092 4025 1228 4107 lapicide
1261 4041 1308 4087 est
1331 4045 1388 4107 per
1412 4027 1501 4087 Mau-

233 4133 349 4193 ricium
373 4133 412 4193 ad
439 4148 511 4194 octo
537 4133 605 4193 dies
630 4146 754 4214 recepta
779 4132 819 4193 ad
845 4152 968 4213 pacem.

342 4238 420 4298 Item
447 4237 556 4299 Sibich
581 4254 691 4299 contra
716 4239 828 4299 Pasam
855 4251 969 4299 octavo
994 4237 1046 4299 die
1071 4236 1289 4318 respondebit.

342 4342 419 4404 Item
446 4343 598 4404 Nicolaus
622 4344 770 4405 sacerdos
794 4356 903 4405 contra
925 4343 1061 4404 Paulum
1088 4345 1197 4425 Kypar
1221 4342 1363 4404 secundo
1388 4342 1502 4404 citatus

238 4468 302 4508 non
328 4450 518 4530 comparuit.

342 4555 419 4615 item
439 4555 574 4636 Mykech
593 4555 719 4616 institor
735 4554 813 4616 feria
830 4557 928 4617 tercia
946 4575 1030 4616 nunc
1047 4569 1181 4616 ventura
1199 4556 1362 4636 quendam
1380 4574 1501 4636 equum

237 4660 372 4721 Nicolao
398 4662 437 4721 de
463 4661 609 4742 Lipouch
635 4682 709 4741 erga
734 4661 889 4744 Orgouan
914 4661 1060 4722 habitum
1085 4675 1222 4722 statuere
1246 4661 1351 4723 debet.

343 4767 421 4828 Item
446 4767 564 4827 Paulus
588 4769 673 4828 filius
697 4768 848 4828 Doclesin
874 4781 984 4829 contra
1010 4766 1143 4828 {uanum
1169 4768 1273 4849 primo
1298 4767 1412 4829 citatus
1436 4787 1501 4828 non

239 4874 427 4954 comparuit.
