3474 5234
663 378 749 434 Anno
772 372 863 453 1383.
890 408 928 419 -
955 372 986 435 6.
1003 377 1096 450 junii.
1455 393 1512 435 201

362 589 439 650 Item
464 608 557 650 causa
592 587 761 650 Gerardini
794 601 902 650 contra
928 588 1103 669 Symonem
1129 586 1231 648 filium
1264 585 1455 668 Chepernye
1479 586 1519 648 ad

256 709 405 757 octavum
431 694 517 755 diem
542 708 587 755 est
614 708 796 777 prorogata.

361 802 438 863 Item
473 800 684 878 fideiussores,
717 800 771 881 qui
797 813 909 861 sunta
936 800 1021 860 lwan
1046 799 1113 861 lilio
1148 799 1266 876 Mathe,
1291 798 1427 859 Nicolao
1452 796 1519 858 lilio

257 908 381 969 Odolas
406 927 506 988 usque
532 905 711 987 quindenas
729 907 830 987 ipsam
854 905 1094 967 fideiussionem
1111 906 1236 967 solvere
1261 905 1381 966 debent
1399 906 1519 984 absque

256 1014 365 1093 aliqua
381 1013 524 1074 ulteriori
536 1012 707 1090 dilacione,
720 1011 869 1072 videlicet
883 1013 937 1092 qui
952 1026 1024 1073 sunt
1041 1013 1182 1094 inscripti
1197 1013 1228 1072 in
1244 1012 1382 1092 quadam
1397 1009 1519 1071 cedula.

362 1119 439 1180 ltem
465 1118 628 1180 lohannes
661 1117 745 1179 filius
770 1118 889 1180 Donati
915 1118 1056 1198 Georgio
1090 1118 1185 1179 Loter
1217 1136 1318 1199 usque
1340 1116 1520 1198 quindenas

256 1245 313 1306 pro
338 1225 469 1286 vulnere
494 1245 553 1286 suo
578 1225 722 1306 quinque
747 1243 869 1286 marcas
893 1224 1005 1286 solvet.

362 1331 438 1392 ltem
465 1331 599 1412 Mykech
632 1345 720 1392 sutor
752 1332 894 1392 secundo
927 1350 959 1391 se
984 1343 1097 1392 octavo
1131 1330 1183 1391 die
1206 1349 1301 1411 super
1327 1349 1365 1390 eo
1392 1328 1519 1409 jurabit,

256 1436 344 1516 quod
368 1437 472 1518 ipsum
499 1438 622 1519 Symon
647 1437 790 1498 literatus
814 1439 1020 1498 vulnerasset.

364 1543 440 1603 Item
462 1543 567 1604 lwana
585 1544 701 1605 mulier
725 1564 855 1605 consors
873 1545 987 1605 Kusilo
1007 1557 1120 1604 octavo
1138 1543 1189 1603 die
1206 1562 1301 1624 super
1326 1562 1364 1603 eo
1388 1540 1517 1621 jurabit,

256 1648 344 1729 quod
361 1649 428 1729 ipsa
446 1648 611 1729 quoddam
631 1649 738 1710 vinum
757 1651 838 1711 circa
856 1650 957 1732 ipsam
975 1668 1039 1710 non
1062 1668 1119 1731 pro
1136 1648 1384 1709 conservacione
1397 1647 1519 1727 aliqua,

258 1753 316 1812 nisi
336 1774 393 1835 pro
410 1774 468 1815 suo
494 1754 614 1833 debito,
632 1755 781 1817 videlicet
799 1756 908 1817 decem
933 1775 1122 1833 marcarum,
1147 1755 1263 1835 quibus
1280 1754 1340 1815 sibi
1359 1752 1519 1832 Georgius

256 1859 381 1921 debitor
405 1858 531 1936 fuisset;
556 1859 738 1923 Anthonius
754 1876 861 1925 autem
884 1863 985 1943 ipsam
1009 1881 1138 1922 causam
1155 1861 1194 1921 ad
1219 1861 1369 1941 antiquos
1392 1859 1515 1940 judices

256 1967 438 2048 appellavit.
464 1970 538 2046 (sic.)

312 2183 409 2258 lesia
433 2191 541 2259 tercia
569 2192 725 2278 proxima
753 2197 831 2261 ante
859 2189 981 2259 testum
1009 2190 1098 2260 beati
1128 2188 1279 2260 Barnabe
1308 2185 1463 2276 apostoli.

799 2344 843 2420 (9.
859 2344 967 2420 jumi).

364 2481 440 2543 ltem
460 2482 590 2544 domina
616 2485 725 2546 relicta
751 2484 834 2545 lwan
853 2483 908 2544 filii
927 2483 1012 2544 lwan
1038 2497 1136 2545 terras
1159 2481 1295 2543 arabiles
1311 2500 1368 2562 per
1394 2479 1519 2541 Mikech

256 2586 357 2648 tilium
384 2588 497 2650 Hanch
522 2590 665 2671 predicto
691 2590 775 2651 lwan
800 2590 877 2651 olim
905 2590 1133 2671 inpignoratas,
1158 2588 1273 2650 eodem
1298 2586 1397 2647 modo
1422 2599 1520 2667 prout

256 2709 329 2754 sunt
353 2694 567 2775 inpignorate‚
590 2696 781 2776 cuicumque
818 2696 953 2757 voluerit
986 2696 1085 2757 libere
1110 2714 1168 2777 pro
1201 2694 1313 2754 eadem
1339 2692 1516 2773 quantitate

201 2872 215 2889 Ρ
256 2800 391 2881 pecunie
416 2813 520 2882 potest
545 2803 761 2884 inpignorare.

363 2906 440 2968 ltem
466 2907 597 2969 domina
627 2909 730 2969 lwana
762 2910 871 2970 relicta
903 2908 1026 2969 Nicolai
1061 2922 1169 2969 contra
1204 2905 1382 2986 Georgium
1414 2905 1518 2986 primo

257 3011 350 3074 citata
374 3033 440 3074 non
465 3016 653 3095 comparuit.

363 3119 441 3180 ltem
466 3119 611 3181 Thomas
635 3137 744 3183 contra
770 3121 896 3183 Mikech
920 3119 1022 3182 filium
1047 3121 1171 3182 Nicolai
1197 3119 1302 3202 primo
1320 3119 1433 3182 citatus
1452 3139 1517 3181 non

257 3227 445 3308 comparuit.

362 3332 441 3394 ltem
467 3333 610 3396 Thomas
634 3333 718 3396 filius
750 3333 877 3415 Dragen
907 3347 1017 3395 contra
1042 3334 1243 3396 Anthonium
1267 3333 1372 3416 primo
1405 3335 1519 3397 citatus

257 3455 320 3497 non
347 3439 535 3520 comparuit.

363 3544 439 3606 ltem
465 3566 558 3607 causa
584 3545 762 3608 Clementis
783 3546 938 3608 carnificis
961 3559 1070 3609 contra
1094 3546 1272 3627 Georgium
1297 3547 1393 3609 Lotet
1418 3560 1449 3608 et
1466 3548 1517 3608 Jo-

256 3647 395 3711 hannem
419 3649 553 3732 figulum
578 3652 617 3713 ad
641 3665 790 3715 octavum
816 3652 901 3714 diem
926 3652 965 3714 ad
990 3673 1102 3735 pacem
1126 3666 1172 3715 est
1195 3666 1332 3735 recepta.

363 3756 440 3818 ltem
454 3757 619 3820 Dionisius
643 3759 727 3821 filius
753 3760 892 3821 Lorandi
919 3780 1014 3842 super
1047 3760 1298 3842 interempcione
1323 3761 1419 3822 Jakus
1451 3780 1516 3822 car-

257 3862 392 3940 pentarii
417 3864 516 3924 nostri
541 3865 691 3944 concivis,
709 3865 800 3947 (h)eri
826 3865 858 3926 in
883 3863 954 3927 foro
973 3864 1114 3945 legitime
1139 3865 1180 3926 ad
1198 3878 1378 3947 presentem
1403 3863 1515 3926 leriam

257 3967 387 4028 terciam
412 3969 627 4050 proclamatus
651 3987 759 4033 contra
784 3985 965 4034 consortem
990 3971 1065 4033 dicti
1089 3972 1195 4051 Jalrus,
1221 3991 1285 4032 non
1312 3972 1408 4034 venit.

362 4073 440 4134 ltem
466 4073 625 4155 Georgius
649 4077 869 4138 stachunarius
893 4091 1001 4140 contra
1027 4078 1206 4140 Johannem
1231 4078 1327 4139 Liber
1351 4078 1455 4160 primo
1474 4078 1516 4139 ci·

256 4188 339 4238 tatus
359 4197 425 4240 non
450 4183 638 4262 comparuit.

364 4284 442 4346 ltem
480 4285 638 4369 Georgius
673 4290 813 4351 famulus
849 4288 997 4370 Gregorii
1040 4305 1149 4352 contra
1184 4295 1312 4353 Annam
1349 4291 1517 4355 mulierem

257 4390 361 4471 primo
388 4391 500 4453 citatus
524 4412 588 4454 non
614 4395 803 4475 comparuit.

363 4496 440 4558 ltem
465 4498 606 4561 Briccius
629 4501 759 4583 sellipar
782 4514 892 4562 contra
918 4501 1125 4584 Dragonyam
1149 4517 1289 4566 sutorem
1315 4507 1457 4569 secundo
1475 4508 1518 4569 ci·

257 4615 340 4664 tatus
364 4624 429 4665 non
454 4606 644 4686 comparuit.

363 4711 440 4772 ltem
458 4711 572 4774 Valesa
597 4725 706 4774 contra
731 4713 901 4775 Nicolaum
926 4713 1027 4775 filium
1053 4715 1168 4776 Kusilo
1193 4716 1297 4802 primo
1315 4719 1427 4784 citatus
1451 4739 1516 4788 non

256 4817 445 4900 comparuit.
