3472 5234
247 311 308 390 136
650 303 846 384 Ann01578.
872 340 913 350 -
939 305 988 368 18.
1005 310 1097 381 junii.

348 521 426 581 Item
451 535 565 581 octavo
590 519 642 580 die
668 518 836 579 Elizabeth
860 537 893 578 se
917 518 1056 579 secunda
1080 517 1207 597 jurabit,
1232 516 1320 597 quod
1345 517 1413 598 ipsa
1430 536 1508 576 uxo-

243 647 310 688 rem
335 647 384 686 ser
408 626 574 687 Benedicti
600 645 664 686 non
694 624 931 706 vituperaverit.

351 733 429 794 Item
456 730 622 792 Elizabeth
654 730 770 791 ancilla
801 729 956 812 Gyurgek
983 729 1184 811 calcariparis
1215 741 1329 790 octavo
1354 728 1406 790 die
1429 727 1510 790 duo·

243 839 349 899 decim
373 838 519 920 personis
543 837 661 917 jurabit
684 837 715 897 in
749 856 804 913 e0,
828 837 917 917 quod
942 836 1008 917 ipsa
1040 835 1138 896 inscia
1162 835 1202 895 sit
1226 835 1259 895 in
1290 835 1432 916 dampno
1456 853 1511 916 pe-

249 944 343 1005 cunie
369 943 468 1025 ipsius
493 943 646 1026 Gyurgelt
671 955 702 1002 et
726 940 814 1022 quod
838 961 913 1001 cum
936 960 995 1001 suo
1020 940 1155 1001 consilio
1178 959 1244 1001 non
1268 938 1373 1001 fuerit.

347 1048 425 1110 Item
443 1049 551 1109 Hanse
575 1067 633 1109 suo
649 1048 836 1108 testimonio
852 1030 1016 1122 atestavit3
1038 1060 1069 1107 et
1092 1066 1165 1107 curn
1182 1046 1237 1107 ille
1261 1046 1360 1107 homo
1385 1046 1509 1107 venerit

243 1154 283 1216 de
308 1155 415 1215 Kerka
440 1155 479 1216 de
505 1156 574 1236 ipso
598 1153 754 1233 justiciam
780 1151 943 1214 faciemus.

351 1261 428 1321 Item
453 1280 503 1321 ser
526 1259 720 1321 Benedictus
743 1271 774 1320 et
797 1258 988 1320 Valentinus
1011 1271 1125 1319 octavo
1150 1257 1201 1318 die
1226 1257 1377 1338 jurabunt
1400 1271 1511 1320 contra

245 1365 413 1427 Elizabeth
439 1366 608 1427 mulierem
630 1384 725 1447 super
745 1365 870 1425 duabus
893 1364 1041 1425 camisiis.

247 1579 345 1654 Feria
374 1592 473 1655 sexta
500 1587 654 1673 proxima
683 1592 759 1672 post
786 1583 910 1653 festum
937 1584 1164 1653 sacratissimi
1192 1583 1344 1670 corporis
1373 1579 1510 1652 Christi.

786 1733 851 1810 (18.
867 1734 978 1812 junii).

350 1877 458 1938 Primo
491 1876 638 1958 Mychael
670 1875 756 1937 tilius
788 1875 879 1937 Pauli
911 1875 989 1937 Zedi
1022 1876 1161 1935 Martino
1194 1873 1304 1936 villico
1329 1874 1390 1935 vici
1425 1874 1510 1935 Lati·

243 2001 360 2044 norum
387 1983 418 2042 in
443 1982 616 2062 quindenis
641 1982 791 2043 undecim
815 2001 929 2063 pensas
954 1981 1159 2042 denariorum
1184 1981 1338 2041 exsolvet.

350 2089 428 2149 ltem
443 2087 617 2148 Mauricius
634 2101 743 2148 contra
760 2086 940 2148 Johannem
959 2086 1075 2147 Lieber
1091 2099 1205 2146 octavo
1223 2085 1274 2146 die
1291 2085 1508 2166 respondebit.

351 2195 428 2255 ltem
455 2194 607 2254 Nicolaus
631 2192 757 2255 Crisani
775 2193 935 2276 Mychaeli
960 2191 1027 2253 filio
1045 2192 1136 2253 Pauli
1161 2193 1192 2252 in
1211 2191 1385 2272 quindenis
1408 2191 1510 2252 XXlll

244 2299 313 2362 flor.
338 2300 407 2360 auri
433 2312 464 2358 et
487 2299 689 2379 septuaginta
713 2313 852 2379 quatuor
873 2299 1023 2359 denarios
1045 2297 1208 2359 exsolvere
1233 2297 1339 2359 debet.

354 2405 433 2466 ltem
458 2425 551 2466 causa
577 2405 707 2465 Renarii
740 2419 770 2465 et
802 2405 970 2466 cuiusdam
1002 2403 1149 2486 pelliticis
1181 2418 1227 2464 est
1250 2423 1307 2485 per
1330 2403 1511 2465 Johannem

246 2512 362 2573 Lieber
387 2527 418 2573 et
442 2510 637 2592 Gregorium
664 2510 780 2592 Angeli
804 2510 844 2571 ad
869 2524 943 2572 octo
976 2510 1045 2571 dies
1069 2524 1196 2591 recepta
1217 2510 1257 2570 ad
1281 2529 1404 2591 pacem.

351 2618 429 2678 Item
441 2616 566 2697 Filipus
580 2630 689 2678 contra
704 2616 874 2677 Nicolaum
888 2617 1086 2678 sacerdotem
1100 2630 1214 2678 octavo
1228 2617 1280 2676 die
1294 2616 1511 2697 respondebit.

352 2725 428 2786 ltem
461 2744 555 2784 causa
587 2722 713 2784 Nicolai
746 2724 911 2784 assessoris
943 2736 974 2784 et
1005 2720 1137 2802 Georgii
1170 2722 1354 2803 calcaripari
1379 2735 1425 2783 est
1455 2740 1512 2804 per

245 2830 426 2892 Johannem
460 2830 576 2891 Lieber
607 2843 638 2890 et
670 2827 864 2909 Gregorium
899 2828 1015 2909 Angeli
1047 2828 1087 2887 ad
1112 2828 1253 2908 primurn
1284 2827 1440 2907 judicium
1463 2846 1511 2888 re-

245 2950 335 3017 cepta
360 2936 400 2995 ad
424 2955 547 3017 pacem.

352 3040 430 3101 Item
456 3040 637 3120 Stephanus
668 3038 799 3121 pellifex
832 3054 942 3100 contra
967 3040 1138 3101 Nicolaum
1171 3040 1275 3120 primo
1308 3039 1422 3099 citatus
1446 3058 1511 3100 non

247 3147 437 3226 comparuit.

350 3251 428 3312 Item
455 3252 620 3312 Emericus
651 3265 761 3312 contra
794 3252 921 3312 Petrum
948 3253 1052 3333 primo
1085 3253 1198 3312 citatus
1230 3271 1295 3312 non
1320 3253 1510 3334 comparuit.

355 3357 433 3418 ltem
458 3377 552 3417 causa
577 3356 708 3436 Georgii
727 3357 819 3436 jurati
845 3373 875 3418 et
898 3356 1077 3419 Clementis
1094 3358 1273 3438 jobagionis
1297 3357 1440 3440 Capituli
1465 3374 1512 3420 est

244 3484 301 3545 per
326 3463 590 3524 communitatem
623 3477 696 3543 post
728 3462 900 3523 adventum
936 3463 1087 3544 Matheyk
1118 3463 1274 3524 carnificis
1299 3465 1338 3524 ad
1369 3466 1510 3545 primum

245 3570 399 3649 judicium
425 3583 607 3650 prorogata.

350 3675 428 3734 ltem
454 3675 605 3752 magister
637 3673 799 3734 lohannes
831 3673 965 3755 Crispus
998 3690 1108 3735 contra
1133 3675 1305 3736 Nicolaum
1329 3677 1436 3757 primo
1468 3678 1511 3737 ci·

243 3793 327 3840 tatus
361 3799 426 3839 non
451 3780 640 3859 comparuit.

352 3885 429 3945 Item
458 3884 576 3945 Paulus
607 3884 767 3948 aurifaber
799 3901 908 3947 contra
934 3887 1114 3948 Corardum
1147 3900 1302 3948 textorem
1338 3888 1444 3968 primo
1469 3890 1511 3949 ci·

247 4005 329 4051 tatus
354 4010 417 4051 non
443 3992 633 4071 comparuit.

354 4097 430 4157 ltem
456 4116 549 4156 causa
577 4097 646 4156 Elie
671 4096 823 4158 aurifabri
856 4113 886 4159 et
910 4098 1065 4159 Johannis
1089 4097 1169 4158 fabri
1194 4113 1241 4159 est
1265 4119 1320 4178 per
1337 4099 1509 4161 Nicolaum

246 4200 363 4262 Mahne
388 4214 419 4262 et
444 4200 637 4282 Gregorium
663 4223 773 4263 voscar
798 4203 837 4263 ad
862 4217 935 4264 octo
959 4204 1027 4263 dies
1051 4219 1176 4284 recepta
1201 4204 1241 4263 ad
1267 4224 1389 4284 pacem.

351 4306 427 4368 ltem
452 4327 545 4367 causa
569 4306 643 4367 Wlf
664 4322 695 4368 et
719 4328 773 4368 sue
799 4310 957 4389 clavigere
982 4322 1028 4370 est
1048 4330 1104 4390 per
1129 4310 1309 4370 Johannem
1336 4311 1451 4371 Lieber
1468 4313 1508 4372 ad

245 4427 318 4473 octo
343 4413 412 4473 dies
436 4426 561 4493 recepta
586 4414 624 4474 ad
650 4434 772 4495 pacem.

353 4518 430 4578 Item
456 4518 662 4599 Wlkouycha
687 4539 787 4599 usque
813 4534 885 4580 octo
910 4519 977 4579 dies
1001 4518 1141 4598 judicem
1165 4520 1291 4603 placare
1316 4523 1421 4583 debet.

353 4623 429 4683 ltem
463 4622 635 4685 Chuethko
667 4639 777 4686 contra
808 4626 980 4686 Nicolaum
1013 4625 1137 4686 Odolas
1165 4628 1269 4708 primo
1301 4629 1414 4689 citatus
1446 4649 1510 4690 non

248 4729 436 4808 comparuit.
