3472 5234
603 359 689 415 Anno
711 372 803 433 1390.
831 391 875 400 —-
899 371 952 432 29.
968 358 1121 434 J'unuan'i.
1439 377 1454 437 3
1461 377 1476 437 3
1483 376 1499 436 3

340 569 419 631 Item
445 567 641 648 Dragoslaus
664 567 800 629 condam
826 567 946 648 juratus
971 581 1002 630 et
1018 568 1103 629 lwan
1127 568 1273 629 similiter
1297 568 1434 629 condam
1452 567 1500 647 ju·

234 686 321 735 ratus
346 687 534 755 receperunt
558 673 687 735 Petrum
712 673 865 735 Scornich
891 694 991 754 usque
1020 688 1169 735 octavum
1194 674 1280 735 diem
1305 674 1344 735 de
1368 673 1500 756 (volun-

234 779 309 863 tate)
334 780 458 842 domini
482 780 608 841 Nicolai
633 779 782 841 Delasich
807 780 847 841 ad
872 780 1089 845 concordiam.

339 886 418 949 ltem
442 886 535 948 Duch
552 885 637 948 filius
653 885 786 968 Georgii
806 886 883 948 dicti
901 886 1013 969 Sydou
1032 900 1142 948 contra
1160 886 1373 948 Laurencium
1391 886 1498 969 primo

236 993 349 1056 citatus
377 1013 442 1054 non
466 993 655 1076 comparuit.

342 1100 419 1161 Item
452 1119 580 1161 causam
610 1099 692 1160 inter
722 1097 821 1159 Vorih
855 1112 885 1160 et
914 1098 1042 1160 Petrum
1075 1098 1254 1160 institorem
1286 1098 1327 1160 ad
1350 1112 1499 1160 octavum

236 1206 322 1268 diem
348 1219 536 1288 receperunt
559 1205 598 1266 ad
624 1223 746 1287 pacem.

343 1311 422 1373 ltem
454 1331 547 1373 causa
572 1310 686 1373 Briccii
707 1323 817 1372 contra
834 1309 997 1372 Thomam
1015 1310 1212 1392 selliparium
1235 1323 1362 1393 recepta
1386 1324 1433 1372 est
1459 1309 1500 1371 ad

234 1431 310 1480 octo
336 1418 404 1479 dies
428 1417 468 1478 ad
492 1437 614 1499 pacem.
1480 1479 1483 1484 .

344 1523 423 1585 ltem
451 1523 568 1586 mulier
592 1522 676 1600 Petri
708 1521 862 1583 institoris
894 1536 1003 1584 contra
1034 1523 1235 1584 Hermanum
1267 1523 1372 1605 primo
1404 1522 1500 1584 citata

236 1649 302 1691 non
335 1630 525 1711 comparuit.

344 1734 423 1796 ltem
447 1754 541 1797 causa
566 1733 671 1818 Gyani
696 1748 805 1797 contra
831 1735 1024 1796 Hanslinum
1057 1748 1228 1817 prorogata
1252 1748 1298 1796 est
1331 1754 1432 1817 usque
1455 1733 1499 1795 l-

238 1842 317 1903 riam
343 1855 462 1903 sextam
487 1841 666 1924 proximam
691 1854 764 1924 post
787 1841 994 1924 Epiphaniae.

344 1948 423 2010 ltem
441 1949 554 2009 Kauka
578 1948 686 2009 relicta
710 1946 857 2029 Gregorii
881 1948 979 2009 tercio
1004 1969 1036 2009 se
1064 1969 1221 2031 supereo
1245 1948 1363 2031 jurabit
1389 1961 1499 2010 contra

238 2053 417 2136 Georgium
441 2055 473 2115 in
499 2069 613 2116 octavo
638 2055 700 2132 die,
726 2054 813 2136 quod
838 2055 903 2135 ipsa
929 2074 987 2116 nec
1012 2055 1116 2116 dictus
1140 2055 1211 2137 (vir)
1235 2076 1311 2117 suus
1335 2074 1400 2116 non
1427 2054 1499 2136 plus

238 2162 297 2223 nisi
322 2181 376 2223 sex
401 2161 507 2243 pensis
531 2161 758 2224 denariorum.
776 2208 784 2223 .
801 2161 912 2222 vinum
936 2181 1029 2223 suum
1055 2162 1289 2244 propinassent.

347 2268 424 2330 Item
450 2266 610 2349 Georgius
634 2265 834 2329 Gochleuich
866 2288 938 2329 cum
965 2266 1060 2330 lratre
1084 2282 1193 2330 contra
1219 2269 1399 2331 Johannem
1425 2319 1431 2332 .
1459 2315 1467 2331 .
1493 2317 1500 2333 .

242 2389 355 2437 octavo
380 2374 431 2435 die
456 2373 649 2456 respondere
674 2374 778 2436 debet.

340 2479 419 2542 ltem
456 2479 586 2563 Mathey
619 2479 791 2562 Stoychich
824 2499 897 2542 cum
936 2494 1036 2543 matre
1071 2501 1128 2543 sua
1159 2495 1269 2544 contra
1304 2481 1497 2565 Gregorium

237 2585 370 2647 voschar
395 2606 459 2647 non
484 2586 674 2668 comparuit.

343 2691 421 2752 ltem
446 2692 572 2753 Marcus
595 2690 679 2753 filius
704 2691 864 2754 Leonardi
889 2706 997 2754 contra
1026 2693 1189 2776 Mathyam
1214 2693 1356 2755 secundo
1384 2695 1498 2756 citatus

238 2818 303 2859 non
329 2798 519 2881 comparuit.

464 2997 560 3072 Feria
590 3004 696 3072 tercia
725 3010 801 3090 post
829 3001 952 3072 festum
980 3003 1069 3073 beati
1100 3002 1280 3074 vincentii.

629 3153 731 3234 (Anno
755 3171 842 3234 1391,
867 3171 919 3234 24.
940 3155 1108 3237 januaris).

343 3296 422 3359 ltem
446 3316 540 3358 causa
557 3296 720 3357 kalendini
745 3309 889 3357 sutorum
908 3310 1017 3358 contra
1037 3296 1233 3359 Biharuarad
1260 3317 1361 3378 usque
1378 3311 1499 3359 sextam

239 3402 350 3465 leriam
376 3416 421 3464 est
445 3415 625 3485 prorogata.

327 3509 422 3589 ¹ltem
439 3529 534 3570 causa
552 3509 634 3570 inter
650 3508 821 3570 Nicolaum
838 3508 985 3571 Delasich
1007 3509 1146 3570 condam
1163 3508 1303 3591 judicem
1320 3524 1351 3572 et
1371 3511 1500 3572 Petrum

238 3615 372 3696 longum
397 3635 433 3677 ac
457 3615 622 3677 Vrbanum
648 3634 773 3677 necnon
795 3615 937 3676 Blasium
956 3615 1195 3677 Chesnilrouich
1220 3616 1265 3678 sic
1289 3630 1335 3679 est
1359 3615 1498 3698 judicata

235 3741 330 3804 super
354 3722 505 3803 pecunias
529 3741 609 3802 quas
632 3720 714 3782 inter
738 3740 770 3781 se
791 3721 1004 3783 communiter
1033 3721 1197 3800 haberent,
1221 3736 1255 3784 ut
1279 3741 1341 3804 que
1365 3736 1439 3783 sunt
1465 3736 1497 3785 et

237 3828 367 3909 reperiri
393 3841 526 3909 possunt
550 3827 687 3889 interae
712 3826 869 3909 equaliter
893 3826 1036 3888 dividere
1066 3827 1184 3889 debent
1207 3828 1272 3890 sive
1299 3829 1362 3890 sint
1387 3828 1499 3890 merci·

237 3934 356 4012 monia,
374 3947 405 3996 et
428 3953 491 4015 que
509 3932 628 3996 luerint
645 3933 782 4012 residua,
807 3933 861 3995 illa
885 3953 998 3994 omnes
1014 3952 1149 4014 querere
1174 3934 1310 4021 habent3
1336 3934 1403 4016 ipse
1421 3954 1499 3996 vero

238 4039 350 4102 Petrus
373 4039 413 4100 ad
438 4040 588 4121 antiquos
611 4039 732 4122 judices
756 4039 941 4121 appellavit.

343 4145 421 4207 ltem
440 4165 532 4206 causa
551 4143 683 4227 Georgii
708 4165 779 4207 curn
806 4159 905 4208 matre
919 4160 1027 4208 contra
1045 4148 1224 4209 Johannem
1242 4147 1380 4227 judicem
1399 4166 1499 4228 usque

237 4265 357 4313 sextam
381 4250 493 4314 leriam
518 4264 565 4313 est
588 4265 769 4333 prorogata.

237 4453 382 4525 Sabbato
403 4456 555 4543 proximo
584 4460 662 4525 ante
681 4453 805 4524 festum
824 4451 1080 4526 Purificacionis
1100 4456 1198 4526 beate
1212 4455 1317 4526 Maria
1345 4457 1500 4543 virginis·

737 4584 805 4668 (29.
829 4589 998 4671 januarii).

347 4709 424 4771 ltem
457 4729 550 4772 causa
583 4710 708 4772 Nicolai
740 4710 911 4794 Delasych,
941 4712 1024 4774 Petri
1058 4713 1158 4795 longi,
1190 4712 1310 4774 Vrbani
1343 4725 1374 4774 et
1404 4712 1501 4773 Blasii

239 4813 508 4897 Chescnykouich
532 4836 590 4898 per
621 4816 771 4897 antiquos
802 4816 924 4899 judices
949 4817 993 4880 sic
1017 4831 1063 4880 est
1094 4818 1288 4901 adjudicata,
1312 4818 1401 4900 quod
1425 4820 1500 4900 quia
