3472 5234
235 289 300 370 296
628 282 830 362 Ann01389.
859 319 895 328 —
919 298 952 360 9.
977 286 1091 359 aprilis.

336 509 482 579 sabbato
508 508 660 596 proximo
689 517 768 577 ante
794 504 919 577 festum
947 506 1035 576 beati
1066 505 1191 576 Ilathie
1219 505 1377 594 apostoli.

734 655 801 736 (19.
817 657 990 733 februum).

611 819 752 891 Jndchum
775 817 958 890 antiquorum
978 817 1113 890 jndlcum.

342 975 419 1036 Item
450 975 525 1056 quia
550 974 661 1036 Petrus
685 974 824 1035 decanus
848 992 904 1055 per
927 986 1022 1036 testes
1045 974 1267 1056 sollempniter
1291 975 1323 1036 id
1348 994 1498 1057 compro-

236 1082 333 1159 bavit,
367 1080 456 1161 quod
490 1081 556 1163 ipse
587 1093 692 1142 totum
724 1080 880 1157 debitum,
913 1098 971 1161 pro
1003 1099 1069 1161 quo
1101 1080 1168 1161 ipse
1201 1080 1338 1142 Iohanni
1372 1080 1500 1142 debitor

233 1188 356 1265 luisset,
388 1186 551 1267 persolvit,
583 1185 687 1247 adhuc
723 1186 853 1268 insuper
886 1205 923 1247 ex
954 1185 1178 1247 habundancia
1204 1232 1211 1247 .
1237 1234 1244 1247 .
1269 1186 1375 1247 eidem
1400 1186 1497 1247 Petro

232 1294 333 1357 tercio
357 1313 389 1354 se
413 1293 628 1374 juramentum
654 1306 768 1354 octavo
793 1291 845 1353 die
870 1291 1031 1374 deponere
1055 1290 1320 1373 adjudicavimus,
1346 1291 1495 1353 videlicet

234 1415 269 1463 ut
295 1401 363 1483 ipse
387 1400 508 1462 dictum
533 1399 679 1462 debitum
704 1398 874 1481 plenariter
898 1397 1111 1479 persolvisset.

342 1506 420 1568 Item
444 1525 538 1568 causa
562 1504 654 1566 Pauli
682 1502 833 1565 aurifabri
868 1516 976 1564 contra
1001 1502 1164 1564 Thomam
1197 1503 1431 1586 carpentarIum
1458 1503 1499 1566 ad

235 1625 309 1676 octo
333 1612 401 1673 dies
425 1625 472 1673 est
494 1622 676 1695 prorogata.

342 1718 419 1780 Item
445 1717 638 1780 Benedictus
655 1714 810 1778 Scornicb
834 1727 948 1778 octavo
965 1715 1017 1777 die
1033 1735 1129 1797 super
1145 1715 1285 1797 quadam
1302 1728 1385 1778 terra
1401 1729 1497 1778 testes

237 1824 415 1907 producere
439 1824 545 1902 debet,
569 1822 736 1884 videlicet:
770 1822 907 1884 Borkam
933 1836 962 1883 et
988 1822 1162 1883 Martinum
1184 1835 1336 1884 sutorem.

685 2057 867 2129 Sabbatum
895 2077 1047 2146 sequens.

767 2207 812 2287 (5.
836 2207 965 2292 aprilis).

342 2351 419 2412 Item
446 2350 595 2412 Marenus
626 2363 740 2411 octavo
772 2348 823 2410 die
856 2369 951 2431 super
984 2368 1023 2410 eo
1055 2364 1169 2430 quarto
1192 2369 1224 2410 se
1256 2349 1384 2430 jurabit,
1407 2351 1498 2432 quod

237 2459 304 2542 Ipse
321 2456 483 2540 quandam
502 2459 617 2518 ferram
635 2455 875 2517 communitatis
891 2468 1035 2537 tempore
1053 2455 1241 2517 kneziorum
1258 2456 1382 2519 domini
1400 2458 1499 2537 Luce,

238 2563 432 2645 Dragozlay,
457 2561 612 2624 Anthonii
646 2561 769 2623 Jursich
793 2574 824 2622 et
856 2559 1008 2643 Gyurgek
1033 2562 1206 2624 Blanchich
1239 2563 1278 2622 de
1304 2563 1417 2625 eadem
1443 2564 1502 2626 ali·

237 2688 333 2753 quem
359 2688 452 2731 usum
476 2688 542 2730 non
567 2667 759 2750 percepisset
784 2686 842 2728 nec
870 2668 1005 2728 eandem
1037 2669 1268 2747 semInavisset,
1293 2689 1351 2732 nec
1375 2669 1497 2734 eisdem

237 2775 358 2839 kneziis
381 2775 421 2836 de
444 2774 559 2837 eadem
583 2789 663 2836 terra
688 2773 812 2855 aIIquid
836 2786 1007 2838 teneretur.

328 3027 424 3102 Ieria
452 3039 549 3102 sexta
578 3031 731 3118 proxima
759 3038 837 3101 ante
865 3031 1064 3101 dominicam
1093 3031 1408 3119 Ramispalmarum.

767 3203 813 3275 o·
836 3202 963 3276 araus).

344 3359 423 3421 Itetn
454 3358 616 3420 Iohannes
640 3358 758 3419 Donati
789 3372 899 3420 contra
931 3360 1059 3421 Petrum
1091 3361 1294 3444 gladiparum
1329 3361 1433 3443 primo
1457 3361 1502 3423 ci·

239 3479 323 3529 tatus
347 3484 413 3527 non
438 3465 626 3545 comparuit.

346 3571 424 3633 Item
449 3570 641 3632 Benedictus
665 3584 695 3632 et
720 3571 871 3633 Nicolaus
904 3586 1013 3633 contra
1039 3573 1178 3634 eundem
1204 3574 1333 3636 Petrum
1359 3574 1502 3637 secundo

239 3676 324 3739 citati
351 3696 415 3737 non
441 3690 698 3758 comparuerunt.

345 3781 423 3842 Item
448 3781 637 3843 Leonardus
661 3796 761 3844 sartor
785 3797 893 3845 contra
922 3784 1051 3846 Petrum
1075 3786 1273 3848 sacerdotem
1299 3786 1441 3850 secundo
1459 3787 1502 3849 ci·

239 3899 324 3948 tatus
348 3906 412 3948 non
436 3888 625 3969 comparuit.

346 3993 424 4055 Item
450 3993 563 4056 Simon
594 4010 695 4056 sartor
727 4008 835 4056 contra
869 3992 1056 4077 Gyaninum
1088 3995 1224 4076 juratum
1251 3999 1356 4079 primo
1389 3999 1504 4061 citatus

239 4116 304 4160 non
330 4100 518 4182 comparuit.

346 4204 424 4267 Item
449 4205 587 4268 Michael
622 4206 706 4269 tilius
738 4207 886 4268 Damiani
920 4221 1029 4269 contra
1062 4208 1222 4270 Briccium
1254 4210 1358 4291 prImo
1390 4205 1503 4272 citatus

240 4328 306 4371 non
329 4312 519 4394 comparuit.

345 4415 421 4477 Item
458 4417 595 4480 Michael
629 4418 858 4481 Stachunarich
900 4439 999 4501 usque
1041 4420 1220 4502 quindenas
1254 4423 1338 4482 Luce
1372 4422 1501 4486 BonIoli

240 4533 368 4583 centum
392 4521 461 4586 flor.
486 4525 554 4585 auri
577 4525 701 4587 solvere
727 4525 831 4589 debet.

345 4626 422 4688 Item
451 4627 610 4712 Georgius
639 4631 856 4713 carpentarius
880 4632 985 4713 primo
1017 4631 1139 4713 judicio
1170 4647 1278 4695 contra
1305 4633 1501 4715 Gregorium

239 4731 395 4815 voyschar
417 4735 611 4817 respondere
634 4736 739 4800 debet.
