3472 5234
270 287 332 349 340

1304 366 1530 376 ———-

273 479 424 541 extitisset
448 477 554 538 mInus
578 475 684 537 debite
710 487 741 536 et
765 473 892 556 injuste,
916 493 1012 554 quarn
1030 492 1086 533 sua
1111 486 1211 535 mater
1227 472 1377 534 videIIcet
1394 472 1529 554 predicti

270 584 436 648 Benedicti
454 582 597 665 predicto
622 580 759 643 Iohanni
778 578 859 642 inira
881 579 1055 641 triennium
1072 578 1227 641 incultam
1251 579 1291 640 ad
1315 578 1530 641 laborandum

270 690 461 768 tradidisset,
480 688 615 750 eandem
633 687 760 748 vineam
784 686 928 768 predicto
952 683 1090 746 Johanni
1108 684 1167 745 sub
1184 698 1278 767 pacto
1302 685 1457 767 premisso
1474 684 1530 745 ad-

270 795 483 877 judicavimus
507 794 659 856 utendam
684 805 715 855 et
731 792 939 854 laborandam
957 790 1216 853 contradictione
1247 792 1347 874 ipsius
1371 790 1536 852 Benedicti

270 920 335 963 non
359 902 515 963 obstante.

374 1005 452 1067 Item
478 1005 630 1067 NIcolaus
653 1004 738 1066 filius
762 1003 888 1065 Nicolai
913 1017 1022 1066 contra
1049 1002 1243 1084 Gregorium
1269 1003 1409 1065 voschar
1431 1003 1536 1085 pslmo

272 1114 385 1174 citatus
409 1131 474 1173 non
499 1111 689 1193 comparuit.

373 1219 453 1281 Item
476 1218 591 1300 Blasya
621 1216 737 1279 mulier
768 1229 877 1278 contra
911 1215 1113 1299 Mychaelem
1146 1215 1285 1297 juratum
1309 1216 1416 1298 prImo
1441 1215 1536 1277 citata

269 1347 333 1389 non
359 1324 548 1407 comparuit.

376 1433 454 1494 Item
480 1430 612 1491 domIna
629 1428 728 1490 Lucia
752 1426 829 1490 feria
846 1442 932 1489 sexta
954 1428 1098 1510 proxima
1117 1428 1263 1489 atestabit
1286 1448 1343 1510 per
1366 1427 1534 1489 domInam

269 1540 379 1600 Betres
403 1551 434 1599 et
458 1554 589 1598 uxorem
608 1533 768 1596 lanchech
792 1531 943 1596 aurifabri
961 1533 1050 1615 quod
1067 1533 1207 1615 quedam
1232 1533 1339 1596 tunica
1368 1533 1535 1596 cuiusdam

269 1645 413 1707 mulleris
437 1644 550 1706 Kauka
574 1653 684 1703 vocate
709 1641 741 1702 in
765 1641 900 1723 pignore
925 1640 1087 1702 extitisset.

375 1750 453 1812 Item
478 1748 622 1810 Andreas
645 1747 702 1809 Sib
726 1760 836 1809 contra
869 1746 1023 1808 Iacobum
1056 1744 1229 1829 pellificem
1260 1759 1375 1809 octavo
1407 1746 1460 1808 die
1484 1765 1533 1807 re·

269 1856 451 1938 spondebit.

375 1962 453 2024 Item
479 1961 553 2042 quia
580 1959 716 2043 Mykech
740 1958 997 2021 filiusLeonardi
1016 1959 1218 2021 Markethoni
1243 1960 1380 2023 condam
1405 1960 1530 2022 concivi

270 2081 378 2130 nostro
403 2068 524 2128 XXXX
548 2065 617 2130 flor.
642 2066 710 2127 auri
746 2065 847 2126 teneri
872 2065 1130 2146 dignoscebatur,
1164 2085 1221 2148 pro
1246 2066 1368 2129 eisdem
1392 2066 1533 2128 condam

268 2193 361 2235 suum
379 2173 604 2235 molendinum
622 2171 680 2252 Ipsi
700 2170 902 2233 Markethoni
920 2171 1070 2233 duximus
1086 2172 1292 2234 statuendum
1318 2191 1420 2253 usque
1437 2172 1532 2253 quin-

270 2281 368 2341 denas
392 2278 627 2340 redimendum.

376 2386 452 2448 Item
478 2385 553 2466 quia
579 2384 697 2446 Paulus
729 2381 869 2445 carnifex
900 2402 959 2445 suo
991 2384 1146 2465 premisso
1170 2384 1354 2446 testimonio
1388 2384 1535 2447 atestavit

270 2491 359 2572 quod
384 2491 488 2573 ipsum
515 2489 695 2572 Stephanus
728 2489 760 2551 in
793 2487 872 2550 facie
906 2487 1033 2567 fixisset,
1069 2490 1143 2551 ideo
1176 2490 1357 2572 Stephanus
1389 2490 1534 2572 predIcto

271 2597 372 2659 Paulo
396 2597 427 2658 In
453 2596 626 2678 quindenis
642 2595 722 2657 duas
738 2611 769 2657 et
792 2594 932 2657 mediam
950 2614 1089 2657 marcam
1107 2609 1138 2657 et
1154 2595 1251 2677 judici
1266 2616 1363 2657 unam
1382 2595 1532 2658 exsolvet.

269 2831 365 2905 IerIa
394 2841 492 2906 sexta
512 2836 666 2923 proxima
695 2843 772 2904 ante
791 2831 916 2903 lestum
943 2832 1117 2903 beatorum
1137 2829 1273 2903 Fabiani
1293 2840 1326 2904 et
1344 2833 1533 2904 Sebastirtni

807 2957 997 3026 martirum.

377 3126 483 3186 PrImo
502 3124 665 3185 decretum
690 3124 791 3185 extitit
807 3144 864 3206 per
887 3124 1038 3206 judicem,
1051 3123 1171 3205 iuratos
1196 3137 1227 3186 et
1244 3124 1424 3185 universam
1442 3143 1532 3185 com·

271 3232 471 3308 munitatem,
496 3229 583 3310 quod
608 3229 868 3311 quandocunque
894 3228 1031 3313 Gyunga
1057 3231 1217 3312 penestica
1243 3230 1381 3311 judicem
1407 3229 1458 3291 vel
1484 3229 1532 3311 ju-

272 3350 356 3398 ratos
388 3336 573 3415 ubicunque
610 3336 661 3396 vel
694 3336 964 3417 quandocumque
997 3336 1102 3397 verbis
1132 3336 1279 3417 turpibus
1312 3334 1471 3413 affecerit,
1501 3348 1533 3397 et

270 3443 330 3505 hoc
354 3443 490 3503 duarum
523 3460 730 3523 personarum
765 3442 999 3522 fidedignarum
1031 3455 1139 3524 posset
1170 3443 1392 3524 comprobarI,
1417 3455 1532 3504 extunc

270 3551 302 3611 in
326 3549 438 3628 viginti
464 3549 578 3609 marcis
602 3548 806 3610 denari0rum
832 3549 1039 3610 convincetur
1063 3550 1132 3630 ipso
1155 3547 1248 3612 Iacto.

377 3655 455 3716 Item
481 3654 640 3735 Georgius
672 3654 756 3716 filius
780 3656 867 3716 Nork
897 3654 1060 3737 Stephano
1087 3655 1240 3738 Pundych
1273 3655 1398 3716 concivi
1422 3668 1532 3716 nostro

270 3761 301 3821 in
327 3760 497 3841 quindenis
521 3774 595 3822 octo
618 3780 733 3843 pensas
757 3761 962 3823 denariorum
987 3762 1138 3824 exsolvet.

377 3865 453 3928 Item
480 3867 632 3929 Nicolaus
656 3867 740 3928 filius
764 3867 889 3928 Nicolai
922 3881 1032 3929 contra
1057 3867 1251 3948 Gregorium
1282 3887 1393 3930 voscar
1417 3879 1531 3928 octavo

270 3971 321 4032 die
343 3972 561 4053 respondebit.

375 4077 452 4138 Item
470 4098 563 4140 causa
589 4079 687 4140 Marci
713 4077 770 4139 filii
797 4078 923 4140 Mikech
947 4078 1004 4140 filii
1023 4079 1183 4141 Leonardi
1208 4092 1239 4141 et
1255 4079 1386 4140 domine
1406 4079 1531 4159 Marga-

269 4183 356 4244 rethe
381 4184 498 4244 sororis
521 4204 576 4245 sue
602 4197 649 4246 est
672 4184 712 4245 ad
737 4199 810 4245 octo
834 4185 902 4245 dies
925 4199 1107 4267 prorogata.

376 4289 452 4350 Item
472 4289 607 4351 Mathias
631 4305 739 4352 contra
765 4291 950 4372 magistrum
974 4290 1154 4353 Iohannem
1172 4292 1322 4375 Crispum
1347 4305 1461 4354 octavo
1479 4292 1531 4354 die

269 4393 337 4455 sola
362 4414 496 4475 persona
520 4395 637 4475 jurabit
660 4397 692 4458 in
718 4395 801 4459 lacto
826 4397 957 4480 dampni
982 4398 1148 4459 cuiusdam
1173 4398 1306 4462 cellarii.

377 4502 470 4578 Nota,
495 4502 570 4582 quia
598 4501 750 4583 magistro
783 4502 920 4564 Iohanni
946 4502 1062 4586 Crispo
1087 4504 1211 4566 concivi
1244 4518 1355 4566 nostro
1380 4518 1411 4567 et
1435 4524 1531 4566 cano·

270 4604 344 4665 nico
370 4606 502 4667 ecclesie
528 4608 742 4689 zagrabiensis
766 4623 909 4690 tempore
940 4608 1098 4689 judicatus
1129 4609 1252 4672 domini
1285 4611 1465 4691 Jacomelli‚
1490 4612 1531 4673 si·

270 4709 388 4772 militer
419 4713 562 4774 concivis
597 4713 708 4793 nostri,
743 4715 908 4796 quoddam
942 4716 1161 4796 juramentum
1200 4719 1328 4781 racione
1364 4719 1531 4782 cuiusdam
