3472 5234
642 346 841 424 Anno1375.
865 380 907 390 -
930 361 982 423 23.
1006 345 1119 407 martii.

355 557 433 619 Item
458 569 572 619 octavo
597 557 648 619 die
666 557 820 620 Salomon
842 571 952 620 contra
976 557 1118 619 Brumen
1134 577 1167 619 se
1191 571 1322 640 quartus
1345 558 1463 639 jurabit
1480 558 1512 620 in

250 681 299 742 eo,
324 664 412 744 quod
435 663 562 726 nullum
586 663 764 746 dampnum
788 664 848 746 ipsi
876 664 1018 726 Brumen
1043 664 1225 727 intullisset.

355 769 433 831 Item
457 769 603 832 Thomas
626 789 659 831 se
682 770 798 831 tercius
829 781 944 832 octavo
976 769 1027 832 die
1052 768 1179 851 jurabit,
1211 769 1299 852 quod
1324 770 1356 831 in
1380 770 1512 833 vulnere

250 876 417 938 cuiusdam
440 876 597 939 vulnerati
622 876 780 959 particeps
803 896 869 938 non
894 875 1014 939 fuisset.

433 1093 530 1168 lerla
558 1104 657 1169 sexta
684 1100 840 1188 proxima
868 1107 946 1188 post
973 1097 1096 1170 festum
1124 1098 1322 1188 predictum.

774 1252 837 1328 (25.
861 1249 985 1319 martti).

355 1391 462 1453 Primo
487 1391 645 1454 Parlerius
670 1401 779 1454 contra
796 1392 925 1453 Kunam
942 1389 1085 1453 secundo
1108 1391 1222 1452 citatus
1239 1410 1303 1452 non
1320 1389 1510 1471 comparuit.

355 1497 431 1558 Item
459 1497 570 1559 Marko
594 1496 715 1578 iuratus
739 1510 853 1559 octavo
873 1496 926 1558 die
942 1516 998 1579 per
1020 1496 1198 1559 Iohannem
1222 1509 1253 1558 et
1269 1514 1360 1558 suam
1377 1515 1510 1558 uxorem

249 1622 286 1664 ac
310 1602 473 1665 Andream
497 1601 600 1665 filium
625 1602 749 1664 Grisich
774 1603 995 1665 testimonium
1027 1602 1183 1685 producet
1206 1616 1315 1665 contra
1338 1621 1429 1663 suam
1454 1621 1510 1664 no·

249 1728 374 1771 vercam
399 1728 567 1791 supereo,
599 1708 688 1790 quod
720 1708 787 1791 ipss
818 1710 927 1772 omnia
951 1711 1036 1772 bona
1066 1711 1164 1793 patris
1193 1710 1243 1772 sui
1266 1722 1457 1791 asportasset
1480 1723 1511 1772 et

158 1837 161 1842 ·
250 1814 442 1897 dissipasset.

353 1922 431 1984 Item
456 1921 543 1987 idem
567 1923 658 1984 Marlr
682 1921 861 1984 secundum
883 1922 1041 2004 producet
1063 1922 1283 1984 testImonium
1305 1941 1362 2004 per
1376 1920 1509 1983 luanam

247 2047 336 2089 suam
362 2028 513 2090 ancillam
544 2042 576 2091 et
608 2029 774 2108 Iacobum,
798 2029 824 2089 si
859 2028 951 2109 loqui
980 2028 1107 2111 poterit,
1136 2047 1305 2110 supereo,
1329 2027 1418 2110 quod
1442 2028 1509 2110 ipse

249 2153 348 2195 unum
373 2134 572 2216 marsupium
596 2133 802 2196 denariorum
826 2135 918 2196 uxori
941 2154 998 2196 sue
1021 2134 1202 2196 dimisisset.

352 2240 430 2302 Item
454 2240 585 2302 domina
603 2244 696 2302 Anna
720 2258 857 2302 noverca
875 2241 974 2302 Marci
998 2252 1112 2302 octavo
1128 2239 1180 2301 die
1196 2259 1253 2323 per
1280 2239 1416 2302 Paulum
1439 2239 1509 2301 lite-

168 2365 169 2368 *
247 2359 362 2424 ratum,
387 2345 567 2408 Iohannem
592 2344 756 2409 Chemerii
781 2358 812 2408 et
836 2345 1038 2408 Anthonium
1066 2346 1168 2407 RenIz
1191 2346 1411 2408 testimonium
1435 2364 1508 2427 pro·

247 2450 341 2514 ducet
365 2465 474 2514 contra
496 2453 601 2535 ipsum
626 2454 773 2515 Markum
797 2472 892 2534 super
909 2472 959 2530 eo,
984 2451 1071 2534 quod
1096 2471 1176 2513 uxor
1200 2451 1275 2514 dicti
1302 2452 1401 2513 Marci
1425 2470 1508 2513 asse-

246 2559 361 2621 ruisset
382 2559 414 2620 in
439 2559 522 2622 lecto
547 2558 746 2641 egritudinis,
771 2558 860 2641 quod
885 2558 958 2641 plus
981 2577 1047 2620 non
1071 2557 1203 2620 haberet
1224 2558 1263 2619 de
1287 2557 1424 2640 pecunia
1449 2557 1509 2618 nisi

245 2665 374 2745 trIginta
397 2664 477 2727 duas
498 2686 614 2748 pensas
637 2665 855 2743 denariorum,
872 2664 913 2727 de
931 2664 1048 2747 quibus
1061 2677 1135 2725 octo
1158 2684 1272 2746 pensas
1296 2662 1508 2745 expendisset.

351 2771 429 2833 Item
453 2791 547 2833 causa
571 2771 704 2853 Georgii
727 2771 857 2834 sartoris
882 2785 913 2832 et
929 2770 1058 2832 Martini
1083 2782 1128 2830 est
1144 2789 1201 2853 per
1225 2769 1405 2832 Iohannem
1423 2768 1508 2831 Che·

245 2877 336 2938 merii
361 2890 392 2940 et
415 2879 519 2940 Ellam
545 2878 584 2940 ad
609 2893 682 2941 octo
707 2877 775 2940 dies
799 2891 926 2960 recepta
950 2875 990 2938 ad
1015 2895 1137 2959 pacem.

351 2984 428 3047 Item
447 2984 593 3067 Mychael
619 2985 777 3068 Damyani
794 2996 903 3046 contra
919 2983 1083 3045 Thomam
1099 2994 1240 3044 sutorem
1264 2982 1370 3064 primo
1394 2981 1507 3042 citatus

246 3108 311 3151 non
337 3091 525 3172 comparuit.

351 3195 429 3256 Item
454 3195 524 3258 Elia
549 3209 658 3258 contra
683 3196 812 3259 Torche
836 3198 941 3279 primo
965 3197 1078 3258 citatus
1101 3215 1166 3257 non
1192 3194 1380 3277 comparuit.

351 3302 429 3363 Item
454 3302 524 3364 Elia
557 3301 717 3365 aurifaber
748 3302 877 3365 Andree
906 3302 973 3365 lilio
1009 3303 1146 3365 Korardi
1178 3300 1315 3363 condam
1339 3299 1442 3380 jurato
1474 3300 1506 3360 in

246 3407 418 3487 quindenis
440 3428 494 3468 sex
517 3408 597 3470 cifos
620 3422 787 3489 argenteos
811 3410 843 3470 in
867 3410 972 3492 specIe
1000 3408 1076 3471 dare
1102 3408 1232 3470 debebit
1255 3406 1398 3469 indilate.

350 3513 428 3575 Item
453 3534 546 3576 causa
571 3515 748 3577 Sebestiani
773 3514 910 3577 condam
927 3515 1041 3597 judicis
1065 3529 1096 3576 et
1112 3515 1188 3576 luan
1212 3526 1260 3575 est
1282 3532 1339 3594 per
1356 3513 1504 3574 Markum

245 3632 275 3680 et
299 3620 490 3682 MauricIum
514 3620 554 3682 ad
578 3621 718 3703 primum
742 3619 898 3702 judicium
922 3635 1048 3704 recepta
1072 3619 1111 3681 ad
1136 3638 1258 3701 pacem.

350 3725 429 3789 Item
453 3746 547 3788 causa
571 3727 746 3810 Mychaelis
775 3727 869 3808 jurati
901 3741 932 3789 et
961 3726 1115 3788 Iohannis
1140 3726 1236 3787 Liber
1259 3738 1306 3787 est
1328 3744 1386 3806 per
1408 3730 1504 3786 testes

244 3829 285 3892 ad
309 3832 449 3912 primum
472 3831 628 3912 judicium
652 3847 778 3914 recepta
802 3832 842 3894 ad
871 3852 995 3915 pacem.

350 3938 428 3999 Item
453 3938 575 4020 Symon
600 3938 738 4001 carnifex
763 3952 876 4001 octavo
901 3939 953 4001 dIe
986 3951 1094 4000 contra
1119 3938 1299 4000 Iohannem
1324 3957 1380 4018 per
1403 3937 1505 3999 Beue·

244 4042 365 4105 dictum
389 4056 420 4105 et
443 4044 582 4106 eundern
606 4046 786 4108 Iohannem
809 4045 965 4128 producet
980 4044 1201 4106 testimonium
1224 4062 1319 4124 super
1342 4062 1392 4121 eo,
1416 4042 1505 4125 quod

243 4149 303 4210 sibi
328 4147 423 4212 frater
445 4171 521 4213 suus
544 4153 669 4214 solvere
692 4153 821 4214 dixisset
845 4153 877 4214 in
901 4151 967 4212 suis
991 4149 1149 4212 extremis.

350 4256 427 4318 Item
453 4258 564 4320 Marlro
588 4256 673 4320 filius
690 4257 896 4342 Mykechfilii
920 4255 1080 4318 Leonardi
1097 4268 1210 4316 octavo
1233 4253 1284 4315 die
1308 4273 1365 4336 per
1382 4255 1504 4335 Mareu,

245 4360 387 4423 Francha
411 4361 608 4425 aurifabrum
633 4378 664 4425 et
688 4364 865 4446 Georgium
900 4376 1054 4425 sartorem
1087 4361 1309 4444 comprobabit
1331 4380 1426 4443 super
1449 4361 1504 4423 de·

243 4468 425 4530 vastacione
448 4489 505 4551 per
520 4469 638 4532 dictam
662 4475 787 4532 Annam
805 4489 895 4532 suam
920 4487 1091 4530 novercam
1115 4486 1172 4529 sue
1195 4467 1311 4529 domus
1327 4468 1396 4550 ipso
1414 4467 1503 4529 domi

244 4591 309 4633 non
333 4575 496 4636 existente.

348 4679 426 4741 Item
459 4679 582 4742 Heurih
613 4679 744 4763 pelIiIex
775 4693 884 4743 contra
916 4679 1094 4761 Georqum
1124 4679 1266 4742 secundo
1291 4681 1404 4743 citatus
1438 4699 1504 4742 non

242 4786 431 4868 comparuit.
