3472 5234
624 334 710 390 Anno
733 330 826 409 1382.
852 367 892 376 -
916 347 968 406 29.
992 334 1106 406 aprilis.

239 544 517 626 qualitercumque
542 543 707 623 hucusque
732 542 813 603 inter
838 543 923 623 ipsos
946 542 1115 604 dominum
1133 543 1345 605 Jacomellum
1370 557 1400 604 et
1425 542 1504 605 Gre-

238 650 365 730 gorium
391 662 536 731 pretextu
560 650 720 710 bonorum
746 648 883 709 condam
903 649 1048 711 annotati
1066 650 1197 711 Martini
1223 649 1338 710 Katiue
1362 648 1504 710 reddidi·

240 775 311 817 mus
334 771 365 817 et
389 755 611 817 commisimus
635 754 832 834 expeditum.

345 880 422 940 Item
447 879 599 940 dominus
623 877 747 939 Elasius
765 892 871 939 custos
898 893 1009 940 contra
1028 877 1180 940 Mathiam
1198 878 1337 959 juratum
1361 877 1503 939 secundo

238 985 352 1047 citatus
376 1005 441 1046 non
466 985 658 1066 comparuit.

345 1091 422 1153 ltem
448 1090 608 1171 Georgius
640 1105 671 1152 et
702 1091 892 1152 Valentinus
924 1105 1038 1153 octavo
1071 1092 1123 1153 die
1150 1111 1246 1173 super
1278 1110 1317 1152 eo
1342 1090 1504 1171 jurabunt,

238 1197 326 1278 quod
352 1196 493 1278 P(aulus)
519 1196 684 1277 quoddam
702 1197 837 1279 pallium
855 1196 888 1258 in
907 1197 1041 1258 domum
1058 1197 1133 1258 dicti
1152 1196 1284 1278 Georgii
1308 1216 1373 1258 non
1397 1209 1503 1277 porta·

237 1303 317 1364 verit
340 1322 446 1384 neque
470 1303 547 1364 sciat
571 1303 626 1363 ubi
651 1304 755 1384 ipsum
780 1303 915 1384 pallium
940 1301 1045 1365 luerit.

344 1427 422 1488 item
447 1427 577 1488 Lachko
602 1427 768 1509 Borchych
793 1441 903 1488 contra
929 1425 1087 1488 Janchech
1105 1440 1260 1487 sartorem
1284 1424 1426 1487 secundo
1459 1423 1502 1485 ci·

237 1546 321 1595 tatus
345 1552 410 1593 non
436 1532 624 1614 comparuit.

344 1639 422 1700 Item
447 1637 615 1720 Philippus
638 1637 756 1718 figulus
779 1651 887 1699 contra
913 1638 1034 1700 dictum
1067 1637 1227 1699 Jauchech
1250 1639 1354 1720 primo
1388 1636 1502 1699 citatus

238 1765 302 1807 non
328 1745 518 1826 comparuit.

343 1851 419 1913 ltem
446 1851 534 1932 quod
565 1851 640 1932 quia
673 1850 784 1913 Curko
816 1866 904 1913 sutor
935 1850 1093 1933 quosdam
1126 1850 1273 1913 homines
1305 1849 1502 1932 potenciaria

237 1972 363 2039 peracta
381 1970 580 2039 perpetratos
596 1971 734 2019 statuere
751 1957 873 2018 debens
889 1977 954 2019 non
971 1957 1091 2035 statuit,
1109 1957 1182 2018 ideo
1201 1957 1232 2017 in
1258 1957 1369 2018 decem
1387 1956 1502 2017 marcis

238 2078 283 2125 est
308 2064 474 2125 convictus
506 2078 615 2125 contra
648 2063 783 2124 Paulum
816 2062 917 2124 filium
943 2065 1049 2142 Nouk,
1075 2078 1105 2124 et
1136 2064 1264 2125 racione
1289 2082 1500 2145 expensarum

239 2190 294 2251 per
319 2170 424 2251 ipsum
451 2169 587 2230 Paulum
612 2167 767 2230 factarum
792 2190 828 2230 ex
854 2183 941 2251 parte
966 2169 1041 2230 dicti
1067 2168 1177 2231 Curko
1201 2168 1325 2249 justicia
1349 2167 1411 2230 fiet.

341 2292 420 2354 Item
445 2292 533 2373 quod
559 2291 632 2372 quia
658 2291 774 2375 Gyuan
798 2293 1009 2354 tricesimator
1025 2293 1164 2354 condam
1188 2293 1309 2372 juratus
1332 2291 1417 2373 juxta
1442 2311 1500 2353 no·

236 2411 332 2460 stram
356 2397 556 2477 judiciariam
591 2399 850 2459 commissionem
876 2418 931 2480 per
955 2419 1013 2460 nos
1036 2399 1076 2460 ad
1109 2419 1238 2481 presens
1261 2397 1377 2459 factam
1404 2417 1501 2479 super

237 2523 287 2582 eo,
312 2505 399 2584 quod
426 2504 492 2585 ipse
517 2504 691 2585 quemdam
716 2522 835 2585 equum
867 2504 924 2566 roh
954 2505 1082 2582 coloris,
1114 2524 1211 2585 quern
1237 2504 1392 2565 Martinus
1416 2502 1500 2564 lilius

237 2608 392 2672 Johannis
417 2607 475 2670 rufi
501 2628 594 2669 suum
620 2629 687 2671 esse
711 2612 881 2687 asserebat,
906 2629 1003 2691 quem
1028 2610 1129 2671 eciam
1147 2629 1267 2691 equum
1292 2609 1425 2691 quidam
1442 2609 1500 2670 ho·

237 2717 340 2778 mines
363 2736 420 2798 per
444 2729 507 2777 tres
531 2716 598 2777 dies
624 2716 655 2776 in
680 2714 751 2777 foro
775 2731 885 2778 nostro
902 2715 1069 2777 manifeste
1094 2716 1306 2778 conducendo
1329 2715 1401 2776 aliis
1424 2734 1501 2775 ven·

237 2822 356 2883 dicioni
383 2841 543 2903 exponere
567 2821 746 2898 voluerant,
771 2836 865 2903 prout
889 2821 920 2882 id
945 2823 1047 2904 ipsam
1075 2821 1301 2883 vendicionem
1325 2840 1382 2903 per
1405 2835 1501 2882 testes

236 2926 380 2989 efficaces
405 2927 472 3008 ipse
497 2925 613 3009 Gyuan
631 2927 864 3008 comprobavit,
887 2927 1085 2988 subtractum
1102 2927 1259 3005 nescierit,
1283 2927 1498 3008 juramentum

237 3032 375 3114 prestitit
399 3045 432 3092 ut
457 3031 604 3110 debebat,
626 3031 700 3094 ideo
724 3033 828 3114 ipsum
855 3031 971 3116 Gyuan
995 3052 1091 3115 super
1114 3033 1276 3115 premissis
1300 3032 1500 3093 reddidimus

235 3139 436 3220 expeditum
452 3138 673 3200 commisimus
693 3138 923 3201 nichilominus
939 3154 973 3200 ut
990 3139 1014 3200 si
1032 3138 1194 3220 predictus
1218 3139 1374 3200 Martinus
1392 3138 1497 3220 ipsum

236 3264 356 3326 equum
382 3264 440 3326 pro
465 3258 551 3306 tanta
577 3245 724 3326 pecunia,
747 3265 806 3327 pro
831 3265 894 3327 qua
926 3245 1031 3327 ipsum
1057 3243 1173 3328 Gyuan
1206 3245 1294 3323 emit,
1318 3246 1358 3305 ab
1383 3244 1499 3305 eodem

236 3348 352 3433 Gyuan
377 3350 402 3411 si
428 3349 566 3412 voluerit
590 3350 747 3412 redimere
771 3351 879 3433 possit.

392 3585 489 3658 Feria
517 3590 624 3658 tercia
653 3589 805 3676 proxima
829 3596 907 3677 post
934 3589 1057 3661 festum
1084 3591 1194 3661 sancti
1223 3590 1338 3660 Marci.

762 3755 829 3837 (29.
860 3760 988 3833 aprilis).

339 3914 416 3975 item
450 3913 578 3976 Gerdak
616 3931 726 3978 contra
759 3916 928 3979 dominum
965 3917 1114 3979 abbatem
1146 3917 1252 3999 primo
1286 3917 1400 3980 citatus
1432 3937 1497 3979 non

235 4020 425 4101 comparuit.

340 4124 418 4187 ltem
444 4127 645 4208 Margaretha
676 4129 818 4190 salivena
850 4143 960 4191 contra
992 4128 1170 4209 Georgium
1199 4130 1358 4191 literatum
1393 4130 1497 4210 primo

234 4231 328 4292 citata
352 4251 417 4293 non
443 4233 632 4314 comparuit.

340 4337 418 4398 ltem
443 4357 536 4398 causa
562 4339 739 4419 Margarete
757 4339 900 4399 mulieris
924 4353 1035 4401 contra
1056 4340 1189 4402 Hanche
1213 4354 1355 4402 sutorem
1380 4341 1420 4402 ad
1444 4359 1497 4402 oc·

234 4456 343 4504 tavum
369 4444 455 4505 diem
480 4445 520 4505 ad
546 4464 657 4526 pacem
681 4459 728 4507 est
751 4459 886 4527 recepta.

340 4550 418 4612 Item
432 4550 447 4610 J
452 4551 547 4632 altlyn
562 4564 670 4612 contra
684 4551 869 4612 Ladislaum
882 4551 966 4612 tular
979 4551 1083 4632 primo
1097 4552 1210 4614 citatus
1223 4572 1288 4614 non
1306 4552 1498 4634 comparuit.

339 4656 418 4717 Item
443 4675 537 4717 causa
561 4655 684 4718 domini
711 4658 801 4719 Luka
834 4670 944 4719 contra
969 4657 1076 4719 Endre
1109 4658 1175 4740 Syb
1199 4672 1244 4719 est
1268 4657 1405 4721 edocto
1429 4658 1499 4719 dies

233 4777 415 4844 prorogata.
