3472 5234
248 336 314 397 224
615 317 701 375 Anno
725 312 816 394 1384.
840 351 883 360 —
908 313 957 377 18.
981 318 1149 375 novembris.

286 556 469 626 Sabbatum
497 556 685 643 proximum
714 562 791 644 post
815 555 936 626 festum
963 553 1052 623 beati
1083 554 1219 624 Martini
1249 553 1459 624 confessorIs.

734 704 798 785 (12.
829 707 1011 780 novembris).

353 847 430 909 Item
456 848 544 929 quod
573 848 648 929 quia
681 867 775 909 causa
808 846 927 929 stych
960 846 1046 927 Span
1079 859 1110 907 et
1142 845 1251 906 Iacobi
1285 844 1430 926 peIIificis
1454 864 1509 926 per

247 953 405 1034 quosdam
438 954 587 1034 antiquos
620 953 740 1033 judices
771 954 816 1014 sic
848 951 956 1013 fuisset
988 951 1187 1029 adiudicata,
1212 951 1299 1032 quod
1332 951 1510 1012 antedIctus

246 1059 331 1140 Span
356 1060 443 1120 solus
467 1074 580 1121 octavo
604 1060 655 1120 die
680 1059 894 1139 juramentum
919 1072 1057 1140 prestare
1075 1058 1180 1136 debet,
1205 1058 1293 1138 quod
1319 1058 1385 1140 Ipse
1409 1057 1509 1118 nichil

246 1165 433 1247 suscepisset
469 1166 508 1226 de
532 1165 698 1227 solucione
722 1165 864 1248 predicte
889 1178 1068 1226 manstruce
1104 1184 1161 1225 nec
1186 1185 1203 1225 a
1228 1151 1359 1241 Iacobo,
1384 1183 1441 1225 nec
1466 1164 1505 1224 ab

246 1271 356 1351 aliquo
381 1272 463 1348 alio;
498 1291 515 1330 e
547 1290 702 1332 converso
733 1271 820 1332 aliud
852 1270 1067 1352 juramentum
1100 1270 1194 1330 habet
1225 1270 1385 1351 predictus
1417 1270 1504 1350 Span

244 1396 339 1458 super
363 1396 413 1455 eo,
429 1390 584 1458 quantum
609 1391 806 1438 constassent
829 1377 935 1460 ipsum
958 1376 1059 1458 pelles
1083 1390 1113 1437 et
1137 1376 1237 1438 labor.

379 1612 476 1687 Feria
499 1622 598 1686 sexta
626 1619 780 1704 proxima
808 1624 886 1687 ante
913 1615 1036 1686 festum
1064 1615 1159 1686 beate
1188 1613 1368 1686 Elizabeth.

743 1765 806 1846 (18.
838 1770 1021 1846 novembris).

352 1908 430 1970 Item
456 1908 519 1969 Res
544 1922 652 1970 contra
678 1909 816 1970 Peterlin
841 1923 955 1971 octavo
979 1908 1032 1969 die
1056 1907 1249 1990 respondere
1274 1907 1378 1970 debet.

352 2014 429 2076 Item
455 2014 599 2095 Philipus
623 2013 707 2076 filius
731 2014 831 2076 Viach
856 2030 966 2077 contra
991 2015 1198 2077 Valentinum
1224 2013 1385 2075 Malenich
1402 2013 1507 2095 primo

247 2122 360 2183 citatus
384 2140 449 2180 non
474 2121 662 2202 comparuit.

352 2226 429 2287 Item
455 2226 632 2287 Hanslinus
656 2224 795 2288 carnifex
831 2241 940 2289 contra
972 2227 1141 2288 Lucasium
1168 2226 1329 2287 medicum
1367 2224 1509 2286 secundo

246 2334 360 2395 citatus
384 2352 449 2394 non
478 2334 667 2415 comparuit.

353 2439 431 2501 Item
464 2459 557 2501 causa
590 2439 738 2521 Gregorii
770 2440 943 2502 sacerdotis
975 2454 1084 2502 contra
1117 2440 1275 2500 Dikauam
1300 2438 1435 2499 omnino
1469 2437 1509 2498 ad

246 2559 393 2607 octavum
420 2546 505 2606 diem
531 2560 577 2607 est
600 2559 782 2627 prorogata.

352 2651 429 2712 Item
444 2651 604 2732 Georgius
629 2665 730 2713 sartor
754 2664 863 2714 contra
884 2653 1048 2714 Andream
1071 2652 1176 2733 primo
1202 2652 1315 2713 citatus
1332 2669 1397 2712 non
1422 2669 1509 2711 com·

245 2757 361 2840 paruit.

353 2865 431 2926 Item
464 2864 625 2926 Iohannes
650 2884 750 2946 nepos
773 2865 914 2926 custodis
946 2878 1054 2926 contra
1079 2863 1226 2946 Peterlyn
1260 2863 1364 2946 primo
1397 2863 1510 2924 citatus

248 2991 314 3033 non
343 2971 532 3053 comparuit.

355 3077 433 3138 Item
458 3076 604 3160 Mathyas
621 3090 730 3140 contra
755 3077 893 3139 eundem
911 3077 1059 3160 Peterlyn
1084 3076 1189 3159 prImo
1210 3077 1323 3138 citatus
1340 3095 1405 3137 non
1423 3094 1508 3137 com·

249 3184 364 3267 paruit.

353 3289 431 3350 Item
460 3288 636 3370 Gregorius
668 3287 829 3351 aurifaber
860 3309 916 3372 per
944 3288 1129 3372 Gyaniuum
1162 3288 1300 3369 juratum
1326 3302 1356 3350 et
1380 3289 1508 3349 Petrum

246 3410 400 3457 sartorem
426 3410 540 3457 octavo
565 3395 617 3458 die
642 3395 703 3457 hoc
728 3396 886 3475 atestabit,
913 3396 1002 3477 quod
1034 3396 1138 3477 ipsum
1165 3395 1327 3457 Iohannes
1352 3395 1509 3456 Praudich

247 3501 466 3583 vituperasset.

352 3607 431 3668 Item
455 3606 617 3668 Iohannes
640 3620 728 3668 sutor
753 3619 862 3669 contra
892 3608 1027 3669 Paulum
1059 3608 1205 3669 sImiliter
1228 3623 1368 3670 sutorem
1394 3621 1508 3669 octavo

247 3713 299 3774 die
323 3712 538 3796 respondebit.

352 3820 430 3881 Item
459 3839 553 3881 causa
577 3819 681 3902 Frych
705 3819 858 3881 aurifabri
883 3834 992 3882 contra
1018 3821 1153 3883 Paulum
1185 3836 1325 3883 sutorem
1351 3821 1390 3882 ad
1416 3821 1508 3902 quin·

249 3925 348 3988 denas
372 3939 418 3986 est
441 3936 621 4007 prorogata.

353 4031 431 4094 Item
456 4051 549 4093 causa
575 4031 692 4113 Philipi
724 4032 880 4115 lucIfiguIi
912 4049 1021 4095 contra
1050 4034 1228 4096 Iohannem
1262 4034 1443 4096 carnificem
1468 4034 1508 4095 ad

158 4171 160 4174 ⁴
246 4150 395 4198 octavum
420 4138 506 4198 diem
532 4138 572 4198 ad
596 4157 708 4220 pacem
733 4153 780 4200 est
804 4153 939 4221 recepta.

353 4243 432 4304 Item
456 4263 550 4304 causa
575 4243 660 4304 Iwan
685 4243 823 4322 juratum
848 4259 957 4307 contra
983 4246 1162 4307 Iohannem
1190 4247 1398 4329 respondebit
1425 4247 1507 4327 (sic).

352 4348 430 4410 Item
454 4350 611 4411 Martinus
627 4364 735 4411 contra
754 4351 964 4413 Benedictum
981 4354 1085 4434 primo
1104 4353 1217 4414 citatus
1234 4372 1298 4413 non
1316 4353 1506 4434 comparuit.

351 4455 430 4517 Item
453 4456 603 4538 Bedycha
632 4455 772 4517 carnifex
796 4472 904 4520 contra
930 4459 1100 4519 Nicolaum
1125 4458 1165 4520 de
1192 4458 1336 4540 Lipouch
1361 4459 1506 4520 secundo

246 4558 360 4621 citatus
384 4580 449 4622 non
474 4562 665 4643 comparuit.

352 4665 430 4727 Item
454 4686 547 4729 causa
565 4668 672 4729 Mathe
689 4682 799 4729 contra
816 4669 980 4732 Thomam
998 4671 1038 4731 ad
1062 4684 1212 4759 octavum
1229 4669 1315 4756 dIem
1340 4670 1379 4731 ad
1397 4690 1508 4750 pacem

247 4785 294 4834 est
321 4784 457 4855 recepta.
