3472 5234
606 348 696 410 Anno
718 346 807 427 1376.
831 385 873 392 —
896 365 945 411 21.
969 347 1138 410 novembres.
1457 349 1499 432 67

342 563 420 624 Item
444 559 597 622 Nicolaus
620 559 697 621 feria
713 560 810 623 tercia
834 580 890 642 per
915 561 1061 621 Kaukam
1080 573 1111 620 et
1129 559 1328 642 Stephanum
1352 559 1499 621 atestabit
1565 585 1576 603 ·

237 668 325 749 quod
351 668 490 749 quedam
514 667 631 728 mulier
654 687 753 729 unam
783 665 954 728 clamidem
977 666 1037 727 sibi
1069 665 1304 748 iupignorasset
1328 685 1386 748 pro
1411 666 1498 728 XLV

238 772 387 836 denariis.

342 878 421 941 Item
446 878 555 940 Sibich
579 892 668 941 sutor
691 892 800 940 contra
825 877 1068 940 Clementinum
1086 891 1228 940 sutorem
1252 890 1366 939 octavo
1390 877 1442 939 dfe
1465 896 1498 939 se
1527 908 1529 912 ⁷
1597 937 1599 943 .

237 984 449 1046 duodecImus
473 984 590 1065 jurabit
614 1005 709 1067 super
734 1005 784 1063 eo,
816 985 904 1066 quod
937 985 1002 1066 ipse
1028 984 1067 1045 ad
1092 986 1226 1045 domurn
1259 983 1392 1066 predicti
1425 984 1498 1046 Cle-

236 1091 370 1153 mentini
396 1110 460 1152 non
486 1091 594 1152 ivisset
618 1110 676 1152 nec
701 1092 805 1173 ipsum
830 1090 1043 1172 aliquomodo
1067 1090 1243 1173 spoliasset.

341 1197 419 1259 Item
443 1217 538 1258 causa
555 1198 690 1278 Regiue‚
708 1196 841 1278 Georgii
865 1197 994 1258 sartoris
1018 1210 1049 1259 et
1063 1196 1209 1278 Gregorii
1228 1209 1274 1259 est
1298 1217 1354 1279 per
1376 1196 1499 1279 judices

236 1303 276 1367 ad
300 1318 374 1366 octo
398 1304 466 1365 dies
489 1317 659 1386 prorogata
683 1317 814 1386 propter
836 1323 926 1365 suam
951 1303 1152 1366 arduitatem.

341 1411 419 1472 Item
437 1430 530 1472 causa
550 1409 665 1491 judicis
681 1423 790 1472 contra
808 1409 985 1493 Georgium
1003 1412 1236 1492 carpentarium
1254 1424 1284 1472 et
1297 1411 1497 1474 Anthonium

237 1530 377 1579 sutorem
402 1530 448 1579 est
471 1536 529 1598 per
552 1513 737 1597 magistrum
763 1516 907 1578 Francha
935 1515 1134 1579 aurifabrum
1165 1517 1206 1578 ad
1230 1515 1343 1578 feriam
1366 1518 1498 1579 terciam

236 1641 321 1684 nunc
347 1636 513 1684 venturam
538 1635 664 1705 recepta
688 1622 728 1684 ad
752 1643 875 1705 pacem.

342 1728 419 1790 Item
445 1728 539 1790 Iuech
563 1741 673 1791 contra
697 1728 871 1790 MartInum
896 1742 1010 1790 octavo
1034 1727 1086 1790 die
1110 1749 1142 1790 se
1172 1729 1288 1791 tercius
1311 1728 1428 1810 jurabit
1450 1749 1498 1791 ra·

236 1834 328 1897 cione
352 1855 405 1897 sex
429 1854 611 1917 pensarum.

287 2033 384 2108 Feria
411 2043 509 2109 sexta
538 2039 692 2126 proxima
720 2043 797 2108 ante
825 2037 947 2108 festum
975 2037 1072 2109 beate
1099 2036 1216 2110 cecilie
1243 2040 1385 2127 virginis
1413 2047 1448 2111 at

788 2163 953 2232 martiris.

733 2327 794 2387 (21.
818 2312 1001 2380 novembris).

340 2453 449 2515 Primo
473 2454 612 2515 Brumen
638 2467 668 2514 et
692 2454 854 2515 Iohannes
874 2453 1036 2515 Chemerii
1062 2467 1172 2514 contra
1197 2454 1370 2516 Nicolaum
1394 2453 1497 2516 filium

236 2558 359 2621 Odolas
382 2560 487 2641 primo
518 2559 603 2621 citati
636 2579 702 2621 non
727 2572 984 2641 comparuerunt.

340 2666 418 2727 Item
442 2666 594 2727 Nicolaus
619 2666 742 2727 Crisani
772 2680 881 2727 contra
907 2667 1127 2727 Salomonem.

341 2771 420 2833 Item
444 2771 589 2833 PundIch
614 2785 723 2833 contra
748 2771 923 2833 Martinam
947 2784 1061 2833 octavo
1085 2771 1138 2834 die
1162 2772 1378 2853 respondebit.

340 2878 418 2939 Item
443 2878 583 2960 Baptista
608 2891 717 2940 contra
742 2878 904 2940 Andream
923 2877 1119 2939 aurifabrum
1143 2891 1257 2938 octavo
1282 2877 1333 2938 die
1350 2878 1498 2941 ostendet

235 3003 291 3067 per
315 2984 502 3062 Remurium,
527 2983 692 3046 Geninum
718 2984 896 3045 etluanum
913 2982 1066 3065 Ziro(t)ke
1090 3003 1185 3065 super
1202 3002 1252 3061 eo,
1276 2983 1365 3064 quod
1390 2983 1494 3066 ipsum

236 3089 406 3171 evagInato
429 3089 539 3170 gladIo
564 3089 596 3150 in
621 3110 681 3171 vya
706 3089 834 3171 publica
859 3088 1034 3150 interficere
1059 3089 1222 3152 voluisset.

339 3196 418 3258 Item
443 3196 565 3278 Symon
591 3193 731 3256 carnifex
763 3208 872 3256 contra
897 3195 1067 3256 Nicolaum
1096 3194 1222 3256 Crisani
1255 3195 1360 3277 prImo
1384 3195 1498 3259 citatus

234 3321 299 3364 non
324 3301 514 3385 comparuit.

339 3407 417 3471 Item
443 3408 554 3469 Petrus
577 3407 694 3488 longus
718 3421 827 3469 contra
852 3406 1014 3468 Andream
1038 3407 1143 3489 prImo
1174 3408 1288 3471 citatus
1312 3427 1377 3470 non
1409 3427 1497 3470 com·

234 3513 349 3595 paruit.

339 3620 416 3682 Item
443 3620 617 3702 Dyonisius
642 3619 845 3682 Beharuarad
869 3632 979 3680 contra
1004 3620 1132 3681 Petrum
1158 3619 1357 3683 sacerdotem
1381 3633 1496 3683 octavo

235 3725 286 3787 dle
310 3726 527 3809 respondebit.

338 3832 417 3895 Item
435 3832 603 3894 Elizabeth
620 3845 730 3894 contra
754 3832 913 3895 lanchech
930 3831 1128 3894 aurifabrum
1144 3831 1287 3892 secundo
1311 3831 1405 3893 citata
1429 3851 1495 3893 non

235 3938 424 4020 comparuit.

339 4043 415 4105 Item
450 4044 559 4106 relicta
590 4044 691 4127 Myke
721 4057 831 4106 contra
856 4045 1027 4107 Nicolaum
1062 4044 1165 4105 filium
1197 4043 1322 4105 Nicolai
1354 4043 1496 4105 secundo

234 4149 327 4211 citata
351 4170 416 4212 non
441 4152 631 4233 comparuit.

338 4256 415 4317 Item
452 4257 529 4317 Iuan
561 4256 719 4318 Wrouich
752 4271 860 4320 contra
897 4256 1108 4319 Benedictum
1140 4255 1322 4317 carnificem
1354 4253 1496 4317 secundo

234 4361 347 4425 citatus
371 4382 436 4423 non
462 4362 652 4445 comparuit.

338 4469 416 4532 Item
449 4469 568 4530 Paulus
599 4467 738 4531 carnifex
771 4481 880 4531 contra
913 4469 1117 4551 Damyanum
1149 4467 1253 4550 primo
1285 4466 1398 4529 citatus
1431 4485 1497 4528 non

234 4575 423 4656 comparuit.

338 4681 416 4743 Item
441 4681 594 4743 Nicolaus
618 4681 772 4763 premisso
804 4700 863 4742 suo
894 4679 1080 4742 testImonio
1105 4679 1233 4740 racione
1265 4675 1400 4760 predicti
1433 4676 1497 4737 cla·

233 4784 329 4847 midis
351 4786 497 4849 atestavit
521 4799 556 4848 ut
584 4787 706 4849 debuit.
1377 4866 1395 4906 *
