3472 5234
573 351 659 408 Anno
682 347 774 427 1383.
800 384 842 393 -
865 346 917 411 26.
941 351 1022 411 maii.
1439 372 1497 431 ¹99

237 564 436 647 Stephanum
461 562 636 624 salivenam
662 562 694 622 in
719 560 803 624 facto
834 560 1001 622 cuiusdam
1025 560 1090 621 vini
1124 575 1234 622 contra
1259 561 1425 624 dominam
1450 583 1497 623 re-

234 670 344 732 lictam
367 668 493 731 Nicolai
518 669 645 731 atestari
670 668 773 731 debet.

342 775 421 838 Item
453 775 585 837 domina
618 775 741 837 Mirena
773 787 882 836 contra
914 773 1050 836 Paulum
1081 774 1242 836 literatum
1275 775 1379 857 primo
1404 776 1497 837 citata

234 902 300 945 non
325 881 514 964 comparuit.

341 987 419 1051 Item
443 1007 538 1050 causa
551 987 732 1049 ‘Laurencii
757 986 851 1068 jurati
875 998 985 1048 contra
1010 986 1175 1048 dominam
1201 987 1342 1048 relictam
1367 986 1496 1049 Thome

234 1093 272 1155 de
299 1093 474 1176 Oporouch
499 1092 539 1155 ad
563 1093 703 1175 primum
727 1092 882 1174 judicium
908 1105 954 1155 est
977 1106 1157 1175 prorogata.

341 1200 419 1262 item
444 1199 551 1261 Endre
577 1200 642 1281 Syb
667 1212 780 1260 octavo
798 1199 849 1260 die
873 1212 982 1260 contra
1007 1198 1165 1260 Janchech
1183 1197 1379 1261 aurifabrum
1397 1220 1494 1282 super

232 1325 271 1368 eo
296 1305 424 1388 jurabit,
448 1305 535 1386 quod
560 1305 627 1387 ipse
652 1304 751 1367 nichil
774 1305 867 1367 sciret
892 1305 923 1366 in
956 1303 1039 1367 facto
1063 1306 1212 1387 vituperii
1239 1305 1394 1367 consortis
1418 1306 1493 1367 dicti

234 1411 393 1473 Janchech
418 1431 474 1494 per
497 1424 679 1473 consortem
704 1411 779 1473 dicti
805 1411 922 1473 Endre.

338 1517 416 1580 Item
453 1517 618 1579 Emericus
653 1536 787 1599 arcupar
820 1530 930 1579 contra
966 1517 1145 1579 Johannem
1178 1516 1312 1599 figulum
1347 1519 1377 1579 in
1412 1516 1494 1581 facto

230 1623 466 1686 vulneracionis
489 1624 564 1687 dicti
597 1623 752 1685 Johannis
783 1643 839 1706 per
868 1625 1038 1686 Nicolaum
1063 1624 1200 1685 condam
1233 1621 1391 1685 famulum
1417 1623 1494 1686 dicti

231 1729 369 1792 Emerici
397 1729 471 1792 facti
496 1731 650 1792 innocens
675 1743 721 1792 est
745 1744 887 1812 repertus
911 1743 942 1792 et
967 1731 1128 1792 immunis.

336 1835 414 1898 Item
450 1856 543 1898 causa
580 1836 698 1899 Cosme
734 1834 885 1898 aurifabri
924 1849 1033 1898 contra
1070 1836 1246 1918 Georgium
1282 1836 1421 1918 juratum
1454 1836 1493 1898 ad

227 1943 369 2025 primum
395 1942 552 2023 judicium
577 1956 648 2024 post
672 1942 846 2004 adventurn
871 1942 946 2004 dicti
977 1942 1107 2024 Georgii
1133 1956 1180 2005 est
1203 1956 1385 2026 prorogata.

333 2048 412 2112 Item
436 2047 598 2111 iohannes
622 2047 705 2110 filius
738 2048 856 2111 Donati
888 2062 998 2111 contra
1030 2048 1207 2130 Georgium
1242 2050 1337 2110 Loter
1362 2067 1492 2130 respon·

228 2154 302 2217 dere
328 2154 449 2216 debens
473 2174 539 2216 non
563 2155 738 2237 respondit,
763 2174 869 2236 neque
893 2156 1074 2237 comparuit
1098 2155 1129 2216 in
1154 2155 1285 2234 judicio.

332 2258 412 2322 item
436 2260 598 2322 iohannes
623 2260 719 2321 Liber
743 2279 800 2341 per
816 2273 909 2322 testes
934 2259 1077 2322 efficaces
1102 2261 1134 2321 id
1151 2259 1382 2343 comprobavit,
1401 2260 1489 2341 quod

226 2379 407 2428 consortem
433 2385 523 2428 suam
549 2365 703 2449 Zekyrich
729 2366 946 2448 vituperasset.

319 2600 415 2676 Feria
445 2607 553 2677 tercia
581 2607 736 2694 proxima
765 2611 841 2694 post
868 2605 990 2676 festum
1018 2605 1115 2675 beate
1143 2603 1240 2676 Eleae
1268 2606 1390 2692 regine.

761 2755 827 2835 (26.
851 2759 947 2834 mair).

330 2898 408 2960 item
434 2898 596 2960 iohannes
620 2897 715 2960 frater
739 2899 851 2960 Kauke
879 2912 987 2960 contra
1013 2899 1224 2960 Benedictum
1249 2899 1353 2981 primo
1373 2899 1487 2960 citatus

224 3024 289 3066 non
316 3005 506 3086 comparuit.

332 3110 409 3172 item
425 3110 532 3173 Mathe
542 3111 682 3172 salivena
693 3126 802 3173 contra
817 3110 1057 3195 Dragchycham
1072 3124 1186 3172 octavo
1201 3110 1251 3171 die
1269 3111 1486 3192 respondebit.

329 3217 407 3278 item
436 3217 521 3277 iwan
555 3215 638 3279 filius
670 3217 868 3279 Chudauech
902 3217 1078 3299 Georgium
1109 3216 1210 3277 filium
1244 3217 1392 3295 Ztardba,
1418 3218 1487 3279 Ste-

223 3322 365 3405 phanum
390 3323 558 3406 Chablych
583 3337 613 3386 et
638 3325 819 3407 Myklinum
849 3338 944 3386 testes
976 3337 1085 3386 contra
1118 3324 1298 3385 iohannem
1324 3324 1485 3386 literatum

224 3429 256 3491 in
282 3428 365 3491 facto
390 3429 625 3491 verberationis
650 3443 680 3492 et
704 3428 855 3492 furticinii
886 3444 1022 3493 statuere
1048 3430 1142 3491 debet
1166 3444 1280 3491 octavo
1305 3430 1366 3492 die.

329 3535 1484 3616 ltemdominaMargarethacontraHanslinumoctavodierespondebit.

329 3642 407 3704 item
432 3641 565 3723 quidam
589 3654 683 3703 testes
707 3643 788 3705 inter
812 3643 1000 3724 jobagiones
1023 3656 1149 3704 nostros
1172 3655 1203 3704 et
1226 3642 1265 3704 de
1290 3643 1407 3704 Medue
1432 3663 1484 3703 ex-

222 3761 314 3831 cepto
342 3747 478 3831 Mykech
503 3761 617 3810 octavo
641 3748 693 3810 die
718 3747 807 3810 fateri
831 3749 949 3811 debent
973 3749 1142 3811 intereos.

331 3855 409 3917 item
442 3855 564 3937 Symon
597 3868 707 3916 contra
731 3854 971 3938 Ger(ar)dinum
1004 3854 1165 3917 Gallicum
1197 3855 1339 3917 secundo
1371 3857 1484 3917 citatus

221 3980 286 4023 non
311 3961 500 4043 comparuit.

327 4065 405 4127 item
430 4064 514 4127 iwan
540 4067 756 4148 carpentarius
789 4079 899 4128 contra
932 4066 1095 4128 Thomam
1125 4066 1227 4129 filium
1253 4068 1353 4128 Ztank
1378 4068 1482 4149 primo

221 4171 333 4233 citatus
357 4191 422 4233 non
448 4172 637 4254 comparuit.

326 4277 403 4339 Item
429 4276 604 4359 Gregorius
627 4276 711 4338 filius
744 4277 855 4339 Tadee
888 4291 997 4339 contra
1031 4277 1209 4359 Georgium
1233 4277 1337 4359 primo
1369 4277 1482 4339 citatus

220 4402 285 4445 non
310 4384 498 4465 comparuit.

326 4489 404 4550 Item
428 4509 521 4551 causa
554 4491 709 4552 consortis
742 4490 889 4571 Gregorii
923 4503 1032 4552 contra
1064 4489 1227 4552 Thomam
1259 4489 1299 4551 ad
1331 4503 1480 4551 octavum

221 4594 306 4656 diem
332 4595 371 4656 ad
397 4616 508 4678 pacem
533 4610 579 4659 est
602 4610 783 4679 prorogata.

326 4702 404 4764 Item
428 4722 521 4764 causa
551 4702 750 4784 Margarethe
783 4717 892 4765 contra
924 4703 1053 4765 Markus
1083 4702 1124 4764 ad
1155 4715 1304 4765 octavum
1330 4703 1413 4765 diem
1439 4702 1478 4762 ad

219 4825 331 4888 pacem
356 4820 402 4869 est
425 4822 562 4890 recepta.
