3472 5234
658 313 744 370 Anno
768 273 856 389 1376.
879 347 923 356 -
947 328 974 374 ι.
991 315 1074 389 julii.

343 523 420 586 Item
445 522 591 585 Thomas
622 537 732 585 contra
756 523 949 605 Gregorium
981 540 1091 583 voscar
1121 523 1263 585 secundo
1292 524 1404 586 citatus
1427 543 1493 586 non

237 631 425 713 comparuit.
1159 618 1160 626 ἵ

344 737 421 798 ltem
446 736 578 798 domina
602 735 771 819 Domyana
795 750 904 799 contra
930 735 1124 817 Gregorium
1147 754 1259 796 voscar
1281 734 1388 817 primo
1404 734 1498 796 citata

236 862 302 904 non
327 843 516 925 comparuit.

343 948 420 1010 Item
445 968 537 1010 causa
574 947 729 1011 Johannis
761 947 867 1029 vigilis
899 961 944 1009 est
975 968 1032 1031 per
1062 947 1251 1028 magistrum
1281 945 1426 1009 Francha
1457 945 1497 1008 ad

236 1067 309 1116 octo
334 1054 402 1116 dies
428 1067 611 1137 prorogata.

342 1159 421 1222 ltem
445 1159 603 1222 Janchech
628 1159 788 1222 aurifaber
810 1172 920 1222 contra
936 1158 1071 1221 luanum
1096 1160 1235 1223 Plauech
1262 1180 1295 1222 se
1320 1171 1425 1234 sextus
1448 1157 1496 1240 ju·

234 1266 317 1328 rabit
339 1279 453 1328 octavo
477 1266 529 1327 die
552 1285 647 1348 super
671 1285 720 1346 eo,
745 1265 834 1347 quod
858 1266 924 1348 ipse
949 1266 1067 1327 inscius
1090 1265 1129 1328 sit
1152 1267 1185 1328 in
1210 1265 1396 1349 perdicione
1414 1284 1493 1346 qua-

236 1372 383 1433 rumdam
408 1372 571 1434 literarum
596 1386 629 1435 et
651 1373 684 1434 in
709 1372 936 1454 redempcione
961 1372 1158 1436 earumdem.

341 1477 419 1539 ltem
445 1478 574 1540 Lachko
599 1477 743 1560 Georgio
775 1478 807 1540 in
831 1477 1004 1560 quindenis
1035 1478 1114 1539 duas
1138 1497 1260 1539 marcas
1291 1477 1497 1541 denariorum

236 1595 267 1644 et
289 1581 388 1666 judici
405 1583 545 1645 mediam
562 1603 703 1645 marcam
716 1583 879 1645 exsolvere
896 1583 992 1646 debet
1008 1595 1138 1667 propter
1154 1584 1286 1645 verbera
1304 1585 1412 1647 uxoris
1428 1604 1497 1647 sue.

339 1707 418 1769 ltem
442 1708 551 1769 relicta
575 1707 669 1770 Frich
703 1720 817 1771 octavo
849 1707 902 1769 die
926 1721 1036 1770 contra
1059 1726 1154 1768 suum
1184 1706 1368 1790 privignum
1393 1727 1426 1769 se
1448 1726 1497 1768 se-

235 1813 339 1874 cunda
363 1812 478 1889 iurabit
502 1814 534 1875 in
552 1833 602 1894 eo,
630 1813 720 1895 quod
740 1813 800 1876 sibi
825 1813 976 1875 undecim
995 1813 1120 1875 cubulis
1137 1811 1289 1874 frumenti
1305 1825 1337 1874 et
1352 1812 1496 1894 quinque
1574 1871 1577 1875 ,

235 1919 349 1981 marcis
380 1918 585 1982 denariorum
608 1932 779 1985 teneretur.

339 2025 416 2086 ltem
433 2024 596 2087 lohannes
612 2026 652 2088 de
668 2025 819 2108 Vgrouch
835 2025 952 2107 jurabit
968 2045 1001 2086 se
1017 2024 1133 2087 tercius
1150 2023 1238 2105 quod
1255 2023 1323 2106 ipse
1341 2021 1494 2106 (emisset)

234 2131 397 2212 quandam
420 2132 563 2193 tunicam
587 2132 771 2194 nescivisset
795 2146 902 2194 utrum
926 2129 1028 2193 furata
1052 2129 1172 2192 fuisset.

339 2254 417 2316 ltem
449 2275 543 2317 causa
574 2256 704 2318 Martini
736 2256 884 2337 Hungari
917 2268 948 2316 et
980 2253 1097 2338 Gyuan
1129 2266 1175 2315 est
1205 2271 1262 2335 per
1293 2252 1496 2316 Anthonium

235 2360 346 2443 Renyz
370 2361 410 2423 ad
435 2375 508 2423 octo
532 2362 600 2423 dies
623 2374 750 2444 recepta
773 2361 814 2424 ad
837 2380 961 2444 pacem.

339 2465 417 2529 ltem
449 2467 601 2530 Nicolaus
631 2468 664 2529 in
705 2467 878 2549 quindenis
916 2485 971 2527 sue
1004 2484 1140 2527 noverce
1178 2467 1329 2529 undecim
1360 2466 1496 2529 cubulos

233 2570 384 2635 frumenti
408 2585 439 2634 et
462 2574 606 2655 quinque
630 2592 753 2636 marcas
776 2573 984 2635 denariorum
1008 2571 1161 2635 exsolvet.

232 2806 330 2881 feria
358 2814 465 2883 tercia
502 2813 656 2900 proxima
688 2818 765 2900 post
796 2810 919 2881 festum
958 2810 1188 2899 apostolorum
1216 2809 1307 2880 Petri
1337 2819 1370 2881 et
1398 2810 1494 2882 Pauli

772 2935 958 3005 beatorum.

784 3102 824 3178 (1.
841 3101 940 3179 julii).

347 3261 456 3322 Primo
480 3258 700 3321 Lehcumuald
725 3271 834 3321 contra
857 3259 1027 3321 Nicolaum
1051 3259 1157 3341 primo
1181 3258 1294 3320 citatus
1316 3260 1381 3321 no'n
1402 3278 1489 3320 com·

237 3367 351 3448 paruit.

339 3471 417 3533 ltem
449 3490 544 3532 causa
575 3470 689 3551 judicis
719 3483 752 3532 et
782 3469 930 3551 Gregorii
962 3484 1009 3531 est
1040 3489 1096 3551 per
1126 3468 1313 3549 magistrum
1347 3468 1491 3532 Francha

235 3576 431 3639 aurifabrum
452 3591 483 3638 et
507 3578 674 3638 Marenum
699 3576 738 3637 ad
763 3590 835 3637 octo
860 3577 929 3637 dies
952 3588 1079 3657 recepta
1102 3574 1143 3635 ad
1166 3593 1288 3657 pacem.

340 3684 418 3745 ltem
435 3682 594 3744 lwanicha
618 3695 728 3744 contra
751 3684 893 3744 Brumen
916 3682 1058 3743 secundo
1082 3681 1176 3742 citata
1205 3700 1270 3742 non
1302 3680 1492 3763 comparuit.

340 3789 418 3849 ltem
443 3808 537 3849 causa
560 3789 686 3849 Nicolai
704 3803 734 3850 et
751 3789 840 3849 Pauli
866 3786 1017 3849 aurifabri
1035 3799 1081 3847 est
1097 3805 1153 3867 per
1170 3784 1363 3866 Gregorium
1381 3805 1493 3848 voscar

235 3907 266 3955 et
290 3892 492 3956 Clementem
517 3894 557 3955 ad
581 3907 654 3956 octo
679 3894 747 3955 dies
770 3906 896 3976 recepta
920 3893 960 3954 ad
985 3911 1108 3974 pacem.

340 4016 418 4079 Item
442 4038 558 4099 parvus
576 4017 741 4080 Chernech
760 4018 889 4078 Petrum
906 4017 946 4079 de
963 4015 1121 4078 Craleuch
1138 4014 1216 4076 feria
1233 4028 1318 4076 sexta
1335 4015 1368 4075 in
1386 4028 1493 4078 nostra

234 4123 308 4183 sede
332 4122 497 4204 judiciaria
521 4137 657 4186 statuere
683 4124 779 4186 debet
807 4136 917 4185 contra
940 4121 1192 4183 Paradichalma.

339 4229 416 4290 ltem
454 4230 609 4291 Martinus
639 4229 746 4311 ergavi
785 4242 893 4289 contra
926 4226 1105 4289 lohannem
1144 4226 1250 4308 primo
1282 4226 1394 4287 citatus
1427 4246 1492 4288 non

235 4335 422 4416 comparuit.

340 4438 418 4501 ltem
442 4439 609 4523 Philippus
633 4439 717 4501 filius
734 4440 837 4501 Mauri
854 4451 964 4500 contra
987 4439 1135 4520 Ztoyuuk
1158 4437 1264 4520 primo
1288 4437 1401 4499 citatus
1425 4457 1491 4500 nou

235 4546 423 4628 comparuit.

340 4650 418 4712 ltem
441 4650 562 4713 Mathia
578 4649 739 4713 aurifaber
754 4663 863 4713 contra
880 4649 1050 4711 Nicolaum
1074 4649 1211 4710 condam
1228 4647 1367 4730 judicem
1386 4648 1492 4730 primo

235 4755 348 4818 citams
370 4775 435 4818 non
460 4757 650 4840 comparuit.
