3472 5234
219 332 283 395 270
593 311 788 391 Ann01387.
814 348 854 357 -
879 329 924 376 11.
946 317 1093 386 J'rtnuan'i

321 525 399 585 Item
425 525 568 606 Dragech
586 538 688 586 sartor
710 544 783 586 cum
800 526 865 586 suis
888 525 1100 607 complicibus
1125 526 1323 609 Stephanum
1348 526 1479 590 fratrem

217 628 309 690 Pauli
343 630 458 692 literati
492 631 590 692 nostri
623 631 736 692 notarii
769 650 835 692 uno
867 650 952 712 equo
985 631 1082 713 ipsius
1107 632 1196 692 Pauli
1222 647 1253 693 et
1287 632 1357 694 aliis
1390 636 1485 695 rebus

217 734 382 798 confessus
406 752 452 798 est
475 737 638 819 spoliasse,
663 737 718 797 sed
743 751 848 798 tamen
872 752 906 798 ut
923 737 1013 815 dixit,
1038 758 1075 799 ex
1099 738 1251 800 mandato
1276 738 1401 800 domini
1418 741 1481 802 sui.

322 843 398 904 Item
432 844 576 923 Dragech
612 857 714 904 sartor
744 862 800 924 per
835 843 1094 904 commissionem
1136 844 1337 923 judiciariam
1369 859 1480 908 contra

216 948 353 1010 Paulum
378 950 539 1011 literatum
564 951 595 1010 itt
621 948 742 1027 judicio
768 968 833 1010 non
858 949 1048 1030 comparuit.

322 1055 399 1117 Item
425 1055 548 1116 Blasius
581 1053 669 1116 faber
701 1069 810 1115 contra
842 1055 1001 1115 Briccium
1026 1055 1126 1116 terci0
1158 1055 1271 1116 citatus
1295 1075 1361 1116 non
1394 1076 1480 1118 com·

215 1163 330 1244 paruit.

322 1268 399 1330 Item
423 1287 516 1329 causa
543 1267 633 1327 Pauli
665 1266 780 1328 literati
814 1281 922 1327 contra
949 1265 1056 1326 Endre
1089 1285 1189 1347 usque
1222 1266 1334 1329 feriam
1359 1283 1479 1330 sextam

216 1388 263 1436 est
286 1388 467 1455 prorogata.

639 1502 735 1577 Feria
765 1513 862 1576 sexta
890 1524 1043 1593 sequens.

721 1653 784 1735 (rr.
801 1654 972 1737 januaria).

319 1797 395 1858 Item
421 1796 565 1878 Dragech
590 1810 690 1857 sartor
713 1811 822 1858 contra
849 1796 982 1857 Paulum
1017 1796 1178 1857 literatum
1204 1793 1281 1856 feria
1306 1796 1402 1857 tercia
1428 1816 1475 1857 re·

213 1903 396 1985 spondebit.
480 1913 496 1938 ·

320 2009 398 2070 Item
419 2009 595 2070 Hanslinus
611 2023 720 2070 contra
737 2009 937 2071 Anthonium
958 2009 1062 2090 primo
1079 2010 1192 2070 citatus
1206 2029 1271 2070 non
1287 2009 1477 2091 comparuit.

320 2132 397 2194 Item
423 2132 614 2194 Benedictus
631 2132 793 2214 Scornych
818 2147 928 2194 contra
945 2133 1101 2194 Iacobum
1118 2133 1261 2194 secundo
1279 2133 1393 2195 citatus
1412 2153 1477 2195 non

213 2240 404 2320 comparuit.

319 2344 396 2406 Item
422 2365 514 2406 causa
541 2344 695 2406 Iohannis
721 2344 875 2406 Hermani
901 2359 1010 2406 contra
1044 2345 1123 2406 Kele
1148 2364 1249 2426 usque
1275 2344 1386 2407 feriam
1412 2361 1473 2409 ter·

213 2450 295 2511 ciam
317 2465 362 2512 est
386 2435 566 2533 prorogata.

320 2557 398 2618 Item
423 2556 603 2638 Stephanus
620 2571 730 2618 contra
750 2556 917 2618 Vrbanum
935 2557 1039 2638 primo
1058 2557 1171 2617 citatus
1195 2576 1260 2618 non
1286 2559 1476 2638 comparuit.

319 2663 395 2725 Item
434 2662 615 2745 Stephanus
649 2678 750 2725 sartor
785 2676 895 2724 contra
939 2661 1047 2723 Mathe
1081 2661 1223 2723 secundo
1263 2663 1376 2724 citatus
1411 2684 1477 2726 non

212 2769 402 2852 comparuit.

319 2874 396 2936 Item
421 2875 543 2957 Symon
570 2890 678 2936 contra
704 2875 859 2936 Iacobum
886 2874 1029 2935 secundo
1058 2874 1171 2934 citatus
1195 2893 1259 2934 non
1286 2874 1475 2955 comparuit.

319 2980 396 3042 Item
430 3001 522 3042 causa
556 2981 709 3043 ScitarIch
745 2994 854 3041 contra
889 2980 1079 3041 Michaelem
1112 2979 1349 3041 stachunarium
1375 2999 1476 3060 usque

212 3086 323 3149 feriam
347 3102 467 3148 sextam
493 3102 538 3147 est
562 3100 744 3167 prorogata.

317 3192 393 3253 Item
423 3193 573 3253 Herricus
599 3191 729 3272 pellifex
753 3205 863 3252 contra
896 3193 992 3273 Myke
1026 3193 1130 3273 primo
1159 3193 1272 3254 citatus
1295 3212 1361 3253 non
1386 3210 1474 3253 com·

211 3299 325 3380 paruit.

317 3403 395 3464 Item
421 3404 530 3463 Petrus
562 3416 671 3463 contra
697 3401 890 3482 Gregorium
916 3403 1020 3483 primo
1049 3404 1161 3465 citatus
1193 3424 1257 3465 non
1283 3403 1472 3485 comparuit.

318 3508 394 3570 Item
419 3509 571 3569 NIcolaus
596 3522 706 3568 contra
730 3507 900 3568 Nicolaum
924 3508 1028 3588 primo
1055 3509 1167 3569 citatus
1192 3529 1257 3571 non
1282 3509 1471 3591 comparuit.

319 3614 396 3675 Item
421 3634 512 3675 causa
539 3613 664 3674 Nicolai
690 3626 798 3674 contra
821 3612 996 3695 Symonem
1016 3634 1116 3695 usque
1141 3614 1253 3677 leriam
1278 3616 1408 3676 terciam
1426 3629 1472 3676 est

212 3735 391 3803 prorogata.

316 3827 392 3889 Item
425 3846 555 3887 consors
580 3825 686 3886 Endre
719 3825 784 3907 Syb
817 3823 894 3886 feria
926 3825 1021 3886 tercia
1054 3825 1195 3886 secundo
1227 3846 1259 3886 se
1291 3825 1408 3904 jurabit
1441 3826 1473 3885 in

210 3952 259 4010 e0‚
285 3933 371 4013 quod
399 3933 464 4013 ipsa
490 3931 625 3992 Paulum
650 3931 809 3992 literatum
833 3951 897 3991 non
915 3931 1123 4012 vituperasset
1148 3951 1253 4012 neque
1277 3933 1382 3992 verbis
1409 3931 1471 3992 illi·

209 4039 280 4100 citis
307 4053 535 4120 pertractasset.

315 4144 392 4204 Item
411 4144 562 4204 dominus
587 4144 725 4203 Iacobus
742 4143 915 4204 canonicus
931 4163 963 4202 se
988 4144 1092 4225 primo
1110 4143 1149 4202 de
1171 4143 1269 4203 domo
1295 4142 1474 4203 Clementis

207 4249 331 4310 solvere
356 4250 461 4310 debet.

315 4353 392 4415 Item
418 4354 456 4413 de
483 4354 635 4434 porcione
653 4354 808 4414 Iohannis
829 4353 956 4414 sartoris
973 4352 1103 4414 domine
1124 4353 1314 4433 Magdalene
1332 4352 1472 4412 condam

207 4480 264 4521 sue
289 4460 427 4520 consorti
446 4460 524 4520 duas
542 4475 668 4520 octavas
685 4459 801 4540 (fundi)
827 4479 900 4519 cum
918 4460 1071 4539 porcione
1089 4460 1194 4520 celarii
1214 4474 1244 4520 et
1268 4457 1469 4519 edificiorum

207 4565 489 4646 adjudicaverunt;
515 4566 666 4626 dominus
689 4579 795 4625 autem
822 4565 956 4645 Egidius
979 4565 1127 4625 sacerdos
1151 4566 1249 4647 ipsam
1276 4581 1403 4626 causam
1430 4562 1470 4623 ad

208 4673 358 4753 antiquos
382 4671 502 4751 judices
526 4671 707 4753 appellavit.

314 4776 390 4837 Item
424 4776 568 4859 Dragech
600 4789 630 4838 et
662 4775 824 4838 Iohannes
864 4775 947 4836 filius
985 4795 1061 4836 suus
1100 4775 1130 4836 in
1168 4773 1250 4835 Iacto
1282 4773 1470 4835 succisionis
