3472 5234
604 314 691 371 Anno
712 310 804 390 1378.
832 346 872 356 -
896 323 944 388 15.
968 313 1098 373 octobris.
1432 332 1493 394 ¹57

225 522 294 607 jura
317 525 344 586 si
360 544 424 605 qua
447 524 543 586 habet
557 543 653 605 super
676 523 775 585 domo
792 522 930 585 condam
947 522 1038 584 Pauli
1055 521 1132 584 dicti
1148 521 1303 585 Debelich
1320 522 1489 586 ostendere

227 630 323 693 debet
346 629 435 692 omni
460 630 528 690 sine
552 629 724 692 dilacione.

334 735 413 797 Item
436 733 620 796 Anthonius
642 753 742 816 gener
767 733 892 795 Cordar
915 747 1026 796 contra
1051 734 1222 796 Nicolaum
1248 734 1373 798 Odolas
1389 734 1494 818 primo

227 841 343 903 citatus
367 859 432 903 non
457 839 646 922 comparuit.

334 946 411 1009 Item
443 965 538 1007 causa
568 946 655 1007 Luce
687 945 817 1007 Bonioli
848 958 880 1007 et
911 946 1039 1007 Nicolai
1068 946 1186 1028 Angeli
1211 960 1257 1007 est
1288 946 1329 1008 ad
1354 945 1494 1028 primum

228 1051 385 1135 judicium
416 1066 489 1133 post
519 1052 694 1113 adventum
727 1051 826 1133 ipsius
856 1052 944 1113 Luce
976 1071 1033 1134 per
1068 1052 1225 1114 Iacobum
1258 1052 1337 1114 Bole
1369 1063 1496 1134 recepta

228 1159 270 1221 ad
293 1178 417 1242 pacem.

336 1265 414 1327 Item
438 1284 532 1326 causa
557 1264 690 1345 Georgii
707 1263 801 1345 jurati
825 1277 857 1327 et
881 1264 1010 1325 Martini
1029 1264 1124 1345 Piper
1147 1276 1194 1326 est
1210 1284 1267 1346 per
1284 1263 1408 1345 judices
1424 1276 1497 1346 post

229 1391 324 1433 suum
349 1370 523 1433 adventum
548 1371 589 1432 ad
612 1371 790 1432 secundum
814 1370 971 1452 judicium
996 1384 1178 1452 prorogata.

301 1606 398 1680 Ferla
426 1616 523 1680 sexta
550 1610 705 1697 proxima
734 1615 811 1681 ante
839 1607 962 1679 festam
981 1610 1072 1680 beati
1101 1607 1188 1679 Galli
1217 1606 1431 1678 confessoris.

750 1758 814 1840 (15.
837 1760 977 1835 octobris).

337 1900 445 1962 PrImo
470 1899 630 1982 Georgius
653 1913 763 1962 contra
787 1900 959 1962 Nicolaum
981 1900 1111 1963 fratrem
1135 1920 1230 1962 suum
1253 1901 1361 1983 prImo
1384 1900 1498 1962 citatus

231 2026 297 2068 non
324 2006 514 2088 comparuit.

338 2111 417 2173 Item
441 2111 513 2173 Elia
536 2109 696 2173 aurifaber
712 2124 821 2174 contra
838 2112 1010 2174 Nicolaum
1030 2112 1154 2176 Odolas
1169 2113 1275 2195 primo
1294 2113 1408 2175 citatus
1432 2131 1498 2174 non

231 2218 421 2301 comparuit.

338 2323 416 2384 Item
441 2323 603 2385 lohannes
627 2324 722 2385 Pasar
746 2337 855 2385 contra
881 2323 1061 2386 Johannem
1086 2323 1283 2407 freniparum
1306 2337 1421 2387 octavo
1446 2323 1498 2386 die

232 2428 450 2512 respondebit.

337 2534 416 2597 Item
440 2533 592 2596 dommus
616 2535 770 2597 Micusius
794 2550 825 2597 et
848 2536 960 2598 Petrus
984 2536 1141 2618 plebanus
1164 2549 1279 2599 octavo
1304 2536 1357 2598 die
1380 2537 1407 2599 si
1434 2556 1499 2618 qua

231 2639 300 2722 jura
324 2638 496 2702 habuerint
520 2660 615 2723 super
639 2641 778 2721 quadam
802 2655 884 2704 terra
908 2642 1021 2703 arabili
1045 2641 1234 2723 producent.

338 2747 418 2810 Item
440 2747 622 2809 Alexander
639 2748 671 2809 in
688 2747 860 2829 quindenis
884 2746 1045 2829 Gregorio
1063 2767 1174 2810 voscar
1198 2748 1223 2810 II
1241 2747 1310 2811 flor.
1327 2747 1498 2830 persolvet.

339 2853 417 2915 Item
443 2853 588 2936 Mychael
618 2852 703 2915 filius
733 2853 824 2915 Pauli
856 2867 967 2916 contra
1000 2853 1171 2915 domiuum
1196 2853 1369 2916 Micusium
1399 2853 1500 2916 tercio

232 2960 347 3023 citatus
370 2979 436 3021 non
463 2960 643 3041 comparuit
666 2979 771 3040 neque
795 2960 882 3021 misit
905 2959 1049 3041 aIIquam
1073 2979 1245 3043 personam
1268 2960 1499 3041 responsalem.

341 3065 420 3126 Item
449 3064 587 3126 Mathias
617 3063 702 3126 filius
734 3065 868 3126 oroznik
899 3063 977 3127 feria
1008 3065 1106 3127 tercia
1129 3066 1239 3127 omnia
1271 3065 1340 3147 jura
1363 3065 1500 3128 literaIIa

233 3190 329 3252 super
351 3169 450 3231 domo
475 3170 613 3232 condam
637 3169 768 3232 domine
793 3170 994 3252 Margarethe
1018 3170 1168 3234 exhibere
1196 3172 1329 3234 debebit
1352 3171 1438 3233 iuxta
1462 3170 1500 3232 Ii·

233 3289 346 3354 teram,
371 3296 435 3357 que
460 3291 508 3338 est
533 3276 564 3337 in
582 3296 673 3359 capsa
698 3292 805 3340 nostre
822 3278 1063 3340 communitatis
1078 3279 1213 3357 reclusa,
1236 3277 1262 3338 si
1280 3297 1357 3340 vero
1374 3277 1500 3359 aIIquas

234 3383 340 3445 literas
364 3382 520 3444 ocultaret
544 3395 574 3444 et
598 3402 664 3444 non
687 3383 860 3463 exhiberet,
892 3384 1022 3447 easdem
1047 3402 1168 3464 cassas,
1199 3384 1363 3446 nocituras
1394 3398 1425 3445 et
1449 3383 1497 3444 in·

234 3507 334 3549 nanes
357 3486 564 3549 affirmamus.

342 3593 420 3655 Item
433 3593 579 3675 Dragech
595 3591 682 3656 filius
697 3594 847 3657 NalarIch
864 3609 974 3657 contra
994 3596 1164 3658 dominum
1182 3595 1376 3658 Michaelem
1395 3597 1501 3679 primo

158 3749 162 3757 .
235 3701 349 3764 citatus
372 3721 438 3762 non
466 3702 655 3783 comparuit.

341 3807 420 3868 Item
445 3806 605 3888 Georgius
628 3820 743 3870 octavo
760 3807 813 3869 die
837 3822 948 3870 contra
965 3809 1135 3872 Marenum
1160 3822 1191 3871 et
1215 3807 1411 3890 Gregorium
1435 3813 1502 3869 An·

235 3912 300 3993 geli
325 3913 471 3974 atestabit
495 3928 604 3974 contra
628 3913 881 3996 Wlkouycham.

343 4018 421 4078 Item
444 4017 628 4080 Anthonius
651 4032 761 4080 contra
785 4019 957 4081 Nicolaum
982 4018 1107 4082 Odolas
1130 4019 1273 4082 secundo
1298 4019 1412 4081 citatus
1435 4038 1502 4081 non

237 4125 427 4207 comparuit.

343 4230 422 4293 Item
447 4231 598 4293 Clemens
621 4245 709 4293 sutor
734 4231 892 4314 Mychaeli
918 4230 1080 4314 Orthophi
1105 4251 1223 4294 novem
1258 4250 1381 4293 marcas
1405 4231 1502 4293 dena·

237 4336 358 4398 riorum
384 4338 416 4398 In
440 4338 611 4419 quindenis
635 4337 805 4420 persolvet,
823 4338 861 4399 de
880 4338 997 4420 quibus
1021 4338 1132 4400 habuit
1154 4338 1245 4399 XXX
1262 4338 1400 4400 cubulos
1423 4337 1501 4399 vini.

344 4442 423 4505 Item
456 4443 550 4505 Malia
574 4458 605 4505 et
636 4442 813 4525 Gregorius
844 4458 954 4505 contra
988 4443 1191 4506 Clementem
1221 4457 1365 4506 sutorem
1397 4443 1503 4526 primo

238 4547 325 4610 citati
354 4568 419 4609 non
444 4563 703 4631 comparuerunt.

346 4654 422 4715 Item
441 4655 602 4717 lohannes
631 4654 717 4716 Filar
749 4670 859 4718 contra
889 4655 1092 4738 Mychaelem
1125 4654 1229 4719 Ortofi
1251 4656 1358 4739 prImo
1390 4655 1504 4718 citatus

239 4779 305 4822 non
331 4762 520 4843 comparuit.
