3472 5234
660 335 746 393 Anno
767 343 854 410 1375.
879 367 923 378 -
945 347 975 393 2.
999 334 1108 393 martii.

363 548 441 610 ltem
465 546 617 608 Tomado
642 545 681 605 de
705 565 791 607 novo
815 544 910 607 debet
934 543 1030 604 citare
1054 543 1269 625 Matheylram.

362 653 442 715 Item
467 653 543 715 luan
568 652 685 734 Brayse
709 651 814 734 primo
838 648 958 731 judicio
982 647 1050 729 jura
1074 648 1221 711 ostendet
1245 650 1362 731 quibus
1385 652 1469 712 bona
1487 664 1518 712 et

256 760 474 844 possessiones
498 770 607 820 contra
633 757 836 819 Clementem
860 756 1019 818 retineret.

360 864 461 928 Nota!
487 864 575 947 quod
591 883 676 925 anno
693 861 817 924 domini
837 861 982 944 superius
998 873 1152 923 annotato
1169 860 1246 924 feria
1269 876 1355 924 serta
1372 862 1517 944 proxima

257 985 329 1054 post
352 971 467 1033 festum
492 971 576 1032 beati
599 969 718 1031 Mathie
743 968 891 1050 apostoli,
915 987 1000 1029 nuuc
1030 968 1174 1049 proxime
1197 969 1357 1050 preterita,
1385 967 1517 1048 quidam

258 1078 364 1139 Mathe
389 1076 428 1138 de
453 1074 644 1158 Kaproncha
669 1088 700 1136 et
724 1074 885 1136 lohannes
909 1073 1095 1135 mercenarii
1126 1073 1263 1135 condam
1288 1074 1379 1135 Marlr
1402 1074 1517 1136 stacio·

256 1184 336 1246 narii
361 1182 530 1266 dyabolica
554 1180 666 1242 fraude
691 1180 805 1241 imbuti
837 1179 977 1240 eundem
1002 1180 1149 1240 Markum
1181 1178 1350 1241 domiuum
1374 1180 1517 1262 ipsorum

256 1289 359 1351 noctis
383 1289 415 1350 in
439 1287 571 1350 silencio
596 1285 718 1348 crudeli
742 1299 774 1347 et
797 1284 858 1345 diri
882 1304 958 1346 nece
984 1304 1056 1346 cum
1081 1284 1220 1366 quadam
1244 1286 1346 1347 securi
1367 1286 1400 1347 in
1424 1303 1542 1347 suum

255 1409 350 1477 caput
366 1392 527 1455 iniciendo
544 1391 773 1454 interfecissent
790 1392 821 1452 in
838 1409 894 1451 sua
909 1389 1018 1470 domo,
1035 1389 1132 1474 (aul)a
1143 1410 1199 1452 seu
1215 1390 1388 1468 descensu;
1406 1411 1518 1472 quem·

256 1500 388 1583 quidem
412 1500 559 1561 Markum
583 1500 627 1560 sic
651 1495 853 1559 interfectum
878 1496 910 1557 in
934 1496 1046 1558 eadem
1070 1496 1168 1558 domo
1191 1497 1251 1558 sub
1275 1496 1417 1578 quodam
1441 1495 1516 1559 feno

255 1606 477 1689 sepelivissent
508 1619 538 1667 et
563 1603 820 1680 abscondissent;
852 1603 907 1684 qui
940 1603 1070 1665 tandem
1101 1623 1139 1663 ex
1172 1603 1272 1665 relatu
1297 1603 1380 1664 Petri
1416 1601 1519 1665 fratris

256 1713 333 1775 dicti
358 1711 513 1775 Johannis
537 1709 597 1773 fuit
621 1711 653 1772 in
681 1711 751 1793 ipso
783 1707 858 1771 feno
891 1709 1039 1771 inventus
1070 1723 1239 1791 nequatus,
1272 1707 1349 1770 feria
1374 1710 1520 1790 proxima

255 1832 328 1883 ante
353 1818 469 1881 festum
493 1817 578 1878 beati
596 1815 744 1897 Gregorii
762 1829 860 1898 pape,
875 1816 950 1896 quia
975 1815 1040 1897 ipse
1058 1815 1170 1877 Petrus
1187 1814 1280 1877 frater
1304 1816 1403 1897 ipsius
1420 1815 1518 1877 male·

255 1925 384 1988 factoris
408 1924 574 1985 Marenum
600 1922 736 1984 condam
769 1920 908 2002 juratum
940 1922 1164 2003 interrogasset
1182 1920 1348 2001 sabbatho,
1372 1920 1518 2002 sequenti

255 2031 307 2092 die
331 2030 430 2113 ipsius
454 2027 704 2111 perpetracionis
727 2041 757 2088 et
781 2027 943 2089 commissi
967 2026 1144 2107 homicidii,
1165 2028 1197 2089 in
1220 2027 1283 2088 hiis
1306 2027 1428 2090 verbis:
1452 2026 1518 2088 Do·

255 2138 342 2198 mine
355 2133 482 2197 Mareu!
507 2134 606 2197 timeo
630 2133 709 2215 quid
726 2153 797 2215 ego,
818 2133 894 2215 quia
917 2131 1012 2195 frater
1030 2153 1121 2195 meus
1144 2133 1307 2196 Johannes
1324 2133 1410 2212 dicit,
1428 2132 1516 2214 quod

255 2245 346 2306 Marlr
380 2241 589 2304 stacionarius
627 2258 660 2301 se
691 2239 731 2301 ad
765 2239 910 2321 gladium
946 2259 1040 2301 suurn
1071 2241 1238 2323 proprium
1270 2239 1388 2301 fixisset
1412 2252 1442 2300 et
1473 2239 1518 2301 sic

255 2361 401 2411 mortuus
424 2359 515 2424 esset,
540 2346 690 2407 Marenus
720 2345 937 2427 respondisset
968 2364 1005 2406 ex
1036 2346 1186 2408 adverso:
1211 2345 1257 2407 nil
1287 2347 1399 2408 timeas
1423 2345 1519 2407 frater

254 2456 299 2518 mi
323 2456 349 2517 si
372 2467 465 2515 tuum
489 2451 608 2513 facturn
632 2471 697 2513 non
722 2451 877 2512 inclusisti
902 2451 935 2512 in
959 2470 1049 2513 suam
1074 2465 1221 2531 mortem,
1246 2452 1301 2514 sed
1325 2471 1436 2513 caveas
1460 2451 1516 2513 tibi

254 2563 279 2624 si
304 2559 428 2643 aliquid
453 2579 470 2620 a
494 2558 589 2619 fratre
613 2572 669 2620 tuo
693 2557 839 2620 Johanne
863 2557 903 2618 de
927 2558 993 2619 suis
1020 2560 1116 2620 rebus
1137 2558 1275 2621 habuisti
1300 2558 1352 2621 vel
1375 2577 1518 2641 assump-

254 2669 340 2744 sisti;
365 2665 556 2749 quiquidem
581 2666 693 2726 Petrus
716 2664 851 2725 omnino
883 2678 914 2726 et
945 2665 1084 2727 totaliter
1108 2666 1154 2727 nil
1186 2666 1303 2727 habere
1326 2686 1359 2726 se
1384 2665 1424 2728 de
1448 2685 1517 2747 pre·

254 2774 357 2837 missis
380 2772 556 2853 allegasset.
591 2770 656 2844 Qui
681 2770 811 2831 tandem
836 2770 958 2850 Petrus,
984 2784 1111 2833 mortuo
1143 2772 1229 2834 dicto
1253 2773 1344 2834 Marlr
1368 2784 1399 2835 et
1422 2772 1518 2834 inter-

254 2880 338 2942 fecto
363 2880 506 2957 invento,
533 2879 565 2939 in
591 2876 806 2960 captivitatem
838 2877 1014 2956 accidisset,
1038 2877 1094 2959 qui
1126 2878 1255 2939 tandem
1279 2879 1311 2940 in
1336 2879 1517 2960 captivitate

254 2986 390 3048 existens
411 3005 461 3047 res
477 2984 598 3045 ablatas
614 3002 688 3064 erga
712 2981 904 3064 predictum·
917 2983 1007 3044 Marlr
1032 2966 1233 3045 interfectum
1258 2985 1392 3046 omnino
1416 2998 1447 3046 et
1469 2998 1518 3047 to·

253 3093 359 3155 taliter
381 3094 572 3172 abnegasset
596 3102 626 3151 et
654 3089 834 3170 abnegavit.
867 3089 951 3150 Cum
975 3089 1105 3151 tandem
1137 3090 1198 3152 deo
1223 3091 1351 3153 volente
1382 3091 1517 3174 predicti

255 3198 363 3260 Mathe
398 3210 429 3259 et
464 3195 626 3259 Johannes
658 3195 757 3276 ipsius
791 3195 877 3255 necis
910 3208 1141 3276 perpetratores
1172 3197 1204 3257 in
1228 3198 1279 3258 via
1310 3198 1438 3280 publica
1462 3216 1518 3259 seu

253 3316 359 3382 strata,
385 3302 417 3364 in
442 3300 639 3364 vestimentis
662 3300 737 3361 dicti
764 3301 854 3361 Mark
870 3298 1037 3380 interfecti,
1055 3320 1111 3381 per
1133 3303 1277 3364 nobilem
1301 3304 1405 3365 virum
1424 3304 1519 3365 Eme·

255 3410 358 3471 ricum
382 3408 422 3470 de
447 3407 577 3490 Byzagh
601 3406 714 3468 eadem
732 3405 783 3467 die
807 3404 942 3468 fuissent
958 3405 1152 3488 reprehensi,
1175 3409 1269 3490 capti,
1293 3408 1333 3470 ad
1358 3429 1416 3470 nos
1431 3408 1518 3471 ducti

255 3527 287 3577 et
311 3513 502 3596 mancipati;
527 3513 582 3594 qui
610 3511 742 3574 tandem
774 3525 977 3575 asseruerunt
1007 3513 1115 3574 omnia
1147 3514 1253 3576 ablata
1285 3516 1384 3597 ipsius
1408 3518 1518 3599 Marcy

255 3619 411 3683 interfecti
434 3618 520 3702 apud
545 3619 674 3680 Petrum
699 3616 858 3700 prefatum
879 3619 1028 3698 extitisse,
1060 3620 1250 3702 quiquidem
1276 3622 1387 3684 Petrus
1411 3624 1442 3684 in
1462 3643 1516 3685 ne-

254 3726 398 3789 moribus
422 3726 545 3807 sepulta
569 3725 702 3786 asseruit
725 3738 756 3786 et
776 3724 874 3786 domo
891 3745 947 3787 seu
972 3725 1102 3788 cellario
1121 3726 1261 3809 Gyenini
1284 3727 1342 3789 filii
1369 3729 1517 3812 Mychae·

254 3833 304 3912 lis,
328 3850 392 3913 que
415 3830 537 3893 ibidem
561 3830 690 3892 inventa
723 3829 852 3891 fuerunt
883 3830 998 3892 eodem
1030 3831 1123 3894 Petro
1147 3847 1303 3915 presente.
1337 3834 1415 3896 ltenr
1439 3834 1517 3897 feria

255 3950 368 4020 quarta
384 3938 418 3999 in
441 3937 543 4020 capite
560 3936 671 4019 jejunii
689 3956 761 3998 cum
786 3937 846 4018 ipsi
867 3936 1088 4000 malefactores
1112 3938 1144 4000 in
1162 3939 1301 4020 equuleo
1326 3954 1431 4002 essent
1454 3955 1517 4003 tor·

256 4045 389 4108 mentati
413 4044 543 4106 racione
567 4043 642 4104 dicti
666 4042 833 4105 homicidii
858 4043 956 4126 ipsius
985 4045 1106 4123 Marcii,
1131 4046 1263 4107 asseruit
1286 4045 1393 4108 Mathe
1418 4061 1447 4109 et
1471 4061 1519 4110 est

257 4149 421 4213 confessus
444 4170 477 4212 se
501 4148 647 4212 docuisse
672 4163 703 4211 et
730 4148 917 4211 informasse
949 4149 1129 4212 iohannem
1160 4151 1340 4234 predictum
1363 4165 1399 4214 ut
1422 4154 1518 4216 inter-

256 4255 364 4319 ficeret
387 4256 535 4318 Markum
559 4255 786 4317 stacionarium
814 4256 990 4318 antefatum
1022 4277 1094 4319 cum
1119 4258 1258 4338 quadam
1280 4259 1392 4337 securi,
1417 4272 1448 4321 et
1469 4279 1517 4321 se·

256 4362 367 4444 quenti
391 4361 444 4424 die
466 4361 616 4424 videlicet
638 4361 771 4423 sabbato
806 4362 867 4444 ipsi
891 4363 998 4424 Mathe
1023 4377 1054 4425 et
1082 4362 1244 4425 Johannes
1266 4363 1386 4426 dictum
1412 4364 1517 4427 homi-

256 4467 376 4530 cidium
401 4467 495 4530 Petro
512 4466 656 4550 predicto
672 4482 881 4549 enarrassent,
898 4482 929 4531 et
948 4468 993 4530 sic
1017 4469 1049 4531 in
1074 4469 1165 4551 equis
1181 4470 1281 4552 ipsius
1305 4470 1404 4532 Marci
1421 4490 1517 4553 vyam

258 4573 402 4656 ipsorum
426 4573 570 4655 equitare
586 4573 773 4654 voluissent,
790 4573 958 4656 dictusque
975 4575 1086 4637 Petrus
1099 4574 1229 4639 dixisset
1245 4575 1321 4659 ipsis
1344 4595 1410 4639 non
1427 4576 1517 4659 equi-

256 4691 323 4740 tare
347 4678 404 4741 sed
428 4678 573 4762 peditare
604 4692 729 4762 recepta
762 4678 943 4763 exp(ensa);
967 4700 1016 4742 res
1046 4693 1154 4742 autem
1184 4682 1306 4743 ablatas
1328 4701 1409 4764 quas
1430 4702 1516 4745 rece-

256 4784 345 4867 pistis
367 4796 441 4868 post
463 4804 521 4847 vos
551 4786 687 4868 portabo
718 4785 849 4867 quando
877 4798 1002 4868 potero.
1033 4785 1111 4848 ltem
1137 4787 1269 4850 asseruit
1296 4788 1384 4850 idern
1408 4786 1517 4852 Mathe
