3472 5234
615 343 813 424 Ann01376.
840 382 880 392 —
903 364 935 427 4.
959 352 1072 424 aprilis.
1446 375 1484 436 33

1080 457 1488 467 —..—.--—.—

334 555 412 616 Item
437 555 558 617 Mathia
581 556 741 619 aurifaber
764 572 873 622 contra
903 561 1124 622 Marketonem
1156 575 1270 624 octavo
1295 563 1347 624 die
1370 584 1403 626 se
1426 577 1487 626 ter-

227 658 293 719 cius
316 657 434 740 jurabit
457 660 490 721 in
514 679 563 739 eo,
590 663 678 743 quod
702 663 762 724 sibi
779 677 842 725 tres
865 685 987 726 marcas
1003 685 1076 728 curn
1100 666 1207 728 media
1230 687 1296 730 non
1313 682 1486 734 teneretur.

332 764 409 827 Item
434 765 617 829 Anthonius
640 768 764 830 Jursich
789 768 867 832 feria
897 771 992 832 tercia
1017 770 1135 852 jurabit
1164 793 1260 857 super
1284 772 1367 836 lacto
1391 776 1487 837 unius

228 869 302 949 equi
326 882 358 932 et
380 890 446 932 uno
470 872 553 934 bove
577 886 686 935 contra
711 894 806 937 suum
830 877 1072 939 mercenarium.

333 977 410 1038 ltem
435 978 592 1040 Martinus
615 981 761 1042 atestabit
793 996 907 1044 octavo
938 982 990 1045 die
1016 983 1055 1045 de
1087 985 1278 1049 vendicione
1301 1007 1358 1050 sue
1382 988 1487 1052 vinee.

328 1082 407 1145 ltem
432 1083 559 1146 Sorsich
584 1085 689 1167 primo
706 1087 739 1147 in
763 1087 936 1168 quindenis
953 1090 1052 1151 luano
1075 1092 1206 1173 preconi
1231 1112 1330 1155 unam
1347 1114 1487 1157 marcam

225 1187 376 1251 exsolvet.

328 1294 405 1356 ltem
431 1295 533 1358 dictus
557 1298 662 1378 primo
696 1299 729 1360 in
761 1299 933 1380 quindenis
964 1301 1030 1362 Juri
1066 1301 1191 1365 homini
1215 1323 1314 1365 unam
1345 1325 1486 1369 marcam

224 1400 365 1463 exsolvet
389 1413 420 1463 et
442 1401 540 1482 judici
565 1403 716 1466 mediam.

326 1509 405 1571 Item
433 1509 490 1571 filii
524 1511 623 1594 Paryz
656 1511 733 1574 leria
768 1527 854 1575 sexta
886 1515 1032 1597 proxima
1071 1530 1143 1597 post
1178 1517 1297 1580 Pascha
1332 1519 1484 1601 magistro

224 1613 365 1696 Georgio
388 1617 501 1678 sartori
532 1618 557 1678 si
581 1618 671 1679 XXV
703 1617 842 1680 florenos
865 1639 930 1681 non
963 1621 1186 1702 persolverint,
1222 1637 1337 1686 extunc
1368 1624 1485 1687 domus

222 1740 294 1782 cum
319 1721 420 1784 fundo
446 1723 584 1785 condam
609 1723 731 1785 domini
764 1724 984 1788 Bartholomei
1015 1727 1167 1807 custodis,
1200 1729 1306 1791 eidem
1329 1730 1483 1811 magistro

222 1825 363 1909 Georgio
387 1830 611 1892 tantummodo
635 1849 693 1912 pro
717 1830 793 1912 ipsis
816 1831 1005 1895 devolvetur
1028 1832 1096 1914 jure
1120 1834 1262 1917 proprio.

394 2007 398 2015 ⁵
428 2049 573 2121 sabbato
601 2051 754 2139 proximo
784 2056 863 2122 ante
894 2049 1094 2123 dominicam
1121 2051 1253 2142 Judica.

736 2199 804 2282 (29.
828 2205 952 2278 martir).

299 2341 403 2403 ·ltem
426 2361 482 2423 per
498 2343 648 2423 antiquos
671 2341 793 2423 judices
809 2343 914 2404 taliter
930 2341 990 2405 luit
1006 2342 1225 2424 adjudicatum
1250 2358 1280 2406 et
1304 2344 1481 2408 diffinitum

217 2447 250 2508 in
274 2467 367 2509 causa
391 2467 454 2530 que
478 2449 658 2510 vertebatur
686 2448 767 2510 inter
791 2449 1008 2530 augustinum
1031 2449 1230 2512 sacerdotem
1254 2450 1416 2513 medicum
1448 2464 1480 2514 et

217 2551 396 2615 iohannem
420 2553 612 2635 pelliparum
637 2556 676 2615 ab
700 2574 763 2615 una
787 2567 819 2616 et
841 2554 1011 2637 Bryccium
1041 2555 1229 2636 selliparum
1252 2574 1290 2617 ex
1314 2556 1423 2635 altera,
1447 2557 1479 2618 in

216 2659 333 2739 quibus
357 2657 492 2720 diffinita
516 2672 606 2720 erant
629 2658 778 2720 videlicet
809 2659 959 2741 periuria,
992 2660 1094 2741 ipsam
1118 2679 1246 2721 causam
1278 2661 1361 2723 clare
1386 2680 1476 2744 repe·

216 2764 316 2827 rimus
339 2763 467 2845 justam,
491 2765 522 2825 in
548 2765 640 2826 nullo
663 2765 805 2848 periurio
830 2766 972 2843 existere,
1005 2765 1080 2847 quia
1105 2785 1138 2828 se
1162 2766 1402 2828 racionabiliter
1426 2787 1480 2828 ex·

215 2870 362 2952 purgavit
385 2871 495 2932 decern
528 2870 657 2933 florenis
689 2871 815 2932 medico
846 2870 990 2953 predicto
1022 2891 1079 2953 per
1115 2871 1294 2933 iohannem
1327 2872 1480 2935 exsolutis

214 2990 309 3058 prout
333 2978 365 3039 in
389 2977 517 3039 racione
535 2977 724 3059 reperimus,
749 2997 830 3058 quos
855 2978 921 3059 ipse
938 2975 1176 3041 racionabiliter
1196 2977 1229 3038 in
1253 2976 1337 3038 facto
1361 2976 1478 3039 medici

214 3083 435 3166 expendisset,
459 3097 645 3145 revocantes
661 3083 804 3165 previam
821 3082 1098 3164 adjudicacionem
1115 3082 1303 3163 juratorum,
1320 3096 1478 3144 cassantes

214 3201 245 3250 et
267 3189 448 3251 anullantes
464 3189 599 3251 omnino
618 3202 649 3250 et
666 3189 789 3267 iterato,
807 3208 864 3249 nec
882 3188 966 3270 ipsos
990 3209 1043 3249 sex
1060 3186 1199 3249 florenos
1216 3207 1273 3269 per
1296 3187 1477 3249 iohannem

213 3293 405 3376 pelliparum
430 3295 489 3376 ipsi
508 3295 631 3357 Briccio
648 3294 877 3376 persolvendos
901 3314 959 3355 nec
976 3295 1077 3376 ipsam
1095 3293 1263 3356 infamiam
1278 3314 1374 3376 super
1391 3294 1477 3377 ipsos

214 3419 309 3483 super
331 3400 476 3483 predicto
500 3401 640 3482 periurio
665 3400 815 3462 volumas
838 3419 1036 3481 permanere,
1061 3400 1116 3461 sed
1140 3420 1158 3461 a
1181 3399 1323 3482 predicta
1344 3398 1475 3463 infamia

213 3520 404 3588 expurgatos
428 3518 459 3568 et
483 3506 621 3568 abolitos
652 3505 905 3589 pronunciamus
935 3520 1045 3567 tenore
1070 3506 1271 3587 presencium
1295 3519 1475 3568 nostrarum

212 3613 444 3674 sentenciarum
468 3632 580 3674 omnes
617 3632 726 3674 causas
750 3612 832 3674 inter
857 3612 942 3693 ipsos
973 3611 1117 3673 sedando
1141 3625 1171 3674 et
1196 3612 1390 3694 deponendo
1415 3615 1474 3675 sub

213 3738 294 3799 pena
318 3719 406 3780 XXV
432 3737 611 3780 marcarum
641 3719 667 3779 si
691 3737 764 3800 pars
795 3730 905 3779 contra
935 3730 1059 3799 partem
1091 3717 1243 3799 insurget,
1279 3718 1358 3780 alter
1381 3718 1474 3781 alteri

212 3824 433 3886 omnimodam
457 3824 615 3906 justiciam
640 3823 871 3907 impendendo.

298 4041 395 4116 Feria
423 4051 522 4116 sexta
548 4047 703 4134 proxima
732 4050 810 4116 ante
837 4045 1038 4115 dominicam
1066 4043 1381 4132 Ramispalmarum.

738 4201 785 4276 (4.
809 4195 935 4273 apriles).

314 4337 422 4399 Primo
446 4337 590 4400 Francha
613 4337 697 4399 filius
721 4336 846 4398 Nicolsi
871 4350 981 4397 contra
997 4334 1206 4398 Valentinum
1230 4335 1332 4399 filium
1357 4339 1470 4403 Bobek

207 4429 311 4524 primo
336 4444 448 4505 citatus
472 4463 537 4506 non
562 4444 752 4526 comparuit.

313 4567 391 4629 ltem
415 4587 508 4629 causa
525 4572 617 4629 Anne
635 4581 665 4629 et
683 4567 790 4629 Mathe
807 4579 855 4628 est
871 4565 912 4627 ad
928 4566 1069 4648 primurn
1087 4563 1243 4646 judicium
1259 4579 1331 4646 post
1348 4549 1469 4628 Pascha

208 4690 266 4754 per
287 4672 497 4734 Salomonem
520 4687 646 4755 recepta
669 4673 710 4735 sd
734 4693 856 4757 pacem.

311 4777 391 4839 ltem
415 4798 509 4840 causa
531 4778 686 4840 lobannis
710 4780 826 4842 Lieber
849 4792 879 4840 et
902 4778 1033 4841 alterius
1056 4778 1211 4841 Johannis
1233 4777 1291 4841 filii
1322 4778 1468 4839 Domkus

1346 4887 1362 4949 3
