3472 5234
599 350 799 430 Ann01378.
825 386 865 396 -
889 367 939 413 10.
962 353 1137 427 septembn's.
1442 372 1477 431 15
1484 372 1500 432 3

344 566 423 628 Item
448 564 605 626 Renarius
629 575 738 624 contra
771 562 950 624 Iohannem
984 562 1100 623 Lieber
1124 574 1238 623 octavo
1269 561 1322 623 die
1355 581 1412 644 per
1435 562 1502 623 Ma-

236 671 337 734 thIam
363 672 428 733 Res
452 682 483 731 et
506 669 686 731 Iohannem
710 668 858 730 atestabit
881 667 970 748 quod
995 667 1100 750 ipsum
1124 668 1349 729 verberaverit.

344 776 423 839 Item
447 795 540 837 causa
573 773 699 836 Nicolai
730 786 762 835 et
784 772 960 856 Mychaelis
991 785 1038 834 est
1065 793 1123 856 per
1145 786 1240 834 testes
1272 773 1313 834 ad
1337 787 1410 835 octo
1434 772 1503 834 dies

237 895 364 965 recepta
389 881 431 943 ad
454 899 577 963 pacem.

342 988 421 1050 Item
447 986 564 1070 Gyuan
589 998 699 1047 contra
724 985 871 1046 Markum
896 984 1001 1067 primo
1026 985 1139 1046 citatus
1163 1004 1228 1046 non
1254 984 1442 1067 comparuit.

342 1093 421 1156 Item
455 1092 616 1173 Georgius
647 1103 756 1152 contra
789 1089 983 1171 Gregorium
1015 1104 1130 1152 octavo
1161 1090 1212 1151 die
1244 1109 1302 1173 per
1331 1090 1503 1152 Nicolaum

237 1199 361 1263 Odolas
385 1213 416 1260 et
440 1196 620 1260 Iohannem
644 1195 792 1257 atestabit
815 1214 911 1276 super
926 1194 1066 1276 quadam
1091 1215 1240 1278 sumpma
1263 1195 1458 1278 pecuniaria.

345 1304 425 1367 Item
450 1303 535 1365 Iwan
560 1315 670 1363 contra
695 1301 802 1383 Erney
834 1314 948 1362 octavo
981 1301 1033 1362 die
1057 1320 1090 1362 se
1122 1301 1239 1363 tercius
1262 1300 1391 1383 jurabit,
1415 1300 1503 1383 quod

236 1409 342 1492 ipsum
367 1429 433 1472 non
459 1407 675 1470 verberaverit
698 1425 757 1468 nec
789 1426 884 1468 suum
912 1405 1058 1487 gladium
1092 1407 1315 1489 potencialiter
1339 1407 1503 1489 receperit.

344 1514 421 1576 Item
448 1533 542 1576 causa
566 1512 704 1574 Mathias
728 1526 759 1573 et
783 1511 911 1573 Thome
936 1524 983 1573 est
1005 1532 1063 1594 per
1089 1512 1292 1575 Clementem
1309 1527 1340 1573 et
1357 1511 1503 1573 Pundich

239 1620 279 1682 ad
303 1633 378 1683 octo
403 1620 472 1681 dies
495 1632 621 1701 recepta
645 1618 686 1679 ad
709 1637 832 1700 pacem.

343 1726 423 1787 Item
447 1725 564 1787 ancilla
588 1723 717 1785 Andree
749 1738 858 1786 contra
882 1724 1052 1785 Marenum
1075 1744 1108 1786 se
1137 1739 1224 1786 sexta
1246 1724 1365 1807 jurabit
1388 1737 1501 1786 octavo

237 1832 289 1895 die
312 1833 345 1894 in
370 1851 421 1911 eo,
445 1831 533 1913 quod
558 1831 626 1913 ipsa
652 1831 684 1892 in
708 1831 859 1892 omnibus
882 1830 922 1892 sit
945 1831 1077 1893 innoxia
1103 1846 1134 1893 et
1157 1832 1319 1894 immunis.

345 1937 423 1999 Item
449 1957 543 1999 causa
559 1936 689 1998 Andree
714 1950 745 1998 et
768 1937 892 1998 Mareni
920 1951 967 1998 est
993 1957 1050 2018 per
1074 1936 1196 2018 judices
1211 1950 1284 2020 post
1306 1935 1504 1999 vindemiam

238 2042 278 2104 ad
305 2043 446 2124 prImum
470 2041 627 2124 judicium
651 2056 831 2124 prorogata.

344 2148 424 2210 Item
441 2148 538 2210 Liber
555 2148 717 2210 lohannes
733 2160 842 2210 contra
856 2149 1035 2211 Renarium
1051 2150 1169 2232 jurabit
1185 2149 1273 2231 quod
1286 2169 1382 2232 super
1398 2150 1502 2230 ipsum

235 2254 358 2316 nullam
384 2255 588 2337 vyolencIam
612 2253 748 2317 lecisset.

340 2359 420 2423 Item
445 2380 538 2422 causa
562 2360 687 2421 domini
712 2361 852 2444 Philippi
884 2375 916 2424 et
939 2361 1114 2423 Alexandri
1139 2375 1185 2423 est
1208 2375 1280 2444 post
1304 2362 1502 2424 vindemiam

234 2466 275 2528 ad
298 2467 439 2548 primum
464 2466 620 2549 judicium
644 2487 702 2550 per
725 2467 846 2549 judices
873 2482 1055 2551 prorogata.

340 2572 419 2634 Item
436 2572 598 2634 lohannes
628 2574 756 2635 viueam
781 2574 921 2636 Vardich
955 2575 1050 2636 debet
1076 2573 1274 2636 vindemiare
1305 2575 1447 2637 totaliter
1469 2588 1501 2637 et

234 2690 306 2760 post
328 2677 526 2740 vindemiam
551 2679 733 2760 relinquere
758 2679 894 2741 eandem
919 2681 1102 2742 Laurentio
1132 2679 1271 2742 VardIch
1295 2694 1326 2742 et
1349 2680 1503 2757 domum;

236 2784 338 2867 Ipsam
363 2798 472 2846 autem
490 2804 618 2846 causam
635 2785 723 2847 idem
740 2786 937 2848 Laurentius
953 2786 994 2847 ad
1014 2786 1164 2868 antiquos
1180 2785 1302 2868 judices
1318 2786 1502 2869 appellavit.

339 2889 418 2952 Item
432 2891 507 2971 quia
534 2889 687 2973 Gyurgelr
712 2892 745 2952 in
768 2911 827 2953 suo
850 2892 1037 2953 testImonio
1071 2904 1179 2953 contra
1204 2891 1352 2974 Zitarych
1376 2890 1502 2970 defecit,

235 3013 311 3077 ergo
335 2995 438 3078 ipsam
463 3015 591 3057 causam
616 2997 752 3058 omnino
776 2996 926 3079 perdidit.

345 3100 422 3162 Item
454 3100 609 3163 Nicolaus
639 3100 724 3163 filius
747 3102 873 3164 Nicolai
905 3116 1015 3164 contra
1048 3103 1215 3165 Marenum
1248 3102 1365 3184 jurabit
1387 3117 1501 3166 octavo

237 3205 290 3266 die
314 3225 483 3287 supereo,
508 3207 597 3288 quod
621 3208 689 3289 ipse
721 3228 780 3270 nec
803 3228 859 3270 sua
885 3228 965 3271 uxor
997 3209 1058 3271 sibi
1084 3209 1217 3291 aliquod
1245 3209 1421 3293 dampnum
1454 3211 1502 3272 in·

234 3311 392 3374 tulissent.

340 3416 420 3479 Item
445 3437 525 3479 uxor
557 3419 624 3480 luri
656 3419 829 3481 Dominico
861 3433 982 3502 septem
1016 3420 1129 3481 starios
1159 3419 1234 3481 salis
1265 3420 1298 3481 in
1329 3420 1503 3502 quIndenis

237 3522 420 3604 persolvere
445 3522 550 3586 debet.

343 3628 422 3691 Item
441 3630 589 3712 Zytarich
607 3630 771 3693 Clementi
790 3631 934 3712 quinque
947 3650 1070 3693 marcas
1092 3631 1124 3691 in
1141 3631 1314 3712 quindenis
1330 3632 1501 3713 persolvet.

340 3734 419 3796 Item
444 3736 628 3798 Anthonius
651 3736 772 3819 juratus
789 3750 899 3799 contra
915 3737 1091 3798 Renarium
1108 3750 1222 3799 octavo
1246 3737 1298 3799 die
1323 3757 1382 3819 per
1405 3738 1501 3799 NIco·

233 3840 321 3903 laum
346 3855 377 3902 et
402 3842 569 3904 Miclinum
593 3842 713 3923 juratos
736 3843 893 3921 atestabit,
918 3843 1007 3924 quod
1030 3843 1136 3925 ipsum
1162 3843 1399 3925 vituperaverit.

340 3946 442 4009 Nota!
468 3948 557 4028 quod
584 3948 736 4010 dominus
767 3962 877 4011 cantor
902 3949 934 4009 in
966 3968 1103 4031 persona
1135 3948 1266 4010 domine
1301 3947 1501 4030 Margarethe

234 4052 343 4115 relicte
369 4054 496 4115 Berend
520 4055 684 4116 universas
711 4056 927 4137 possessiones
951 4069 982 4117 et
1002 4055 1122 4133 debita,
1145 4056 1171 4116 si
1196 4074 1259 4136 qua
1286 4054 1402 4132 forent,
1427 4074 1501 4136 pro·

233 4157 337 4219 hibuit
359 4172 390 4220 et
415 4159 577 4222 interdeit
601 4160 746 4222 Francha
771 4159 969 4223 aurifabrum
987 4174 1017 4222 et
1040 4160 1193 4243 Gyurgek
1218 4180 1237 4221 a
1261 4160 1450 4242 recepcione
1468 4173 1501 4222 et

233 4263 314 4324 alios
337 4284 355 4324 a
379 4264 557 4342 solucione,
580 4266 635 4327 sed
660 4286 719 4349 pro
744 4267 858 4328 eadem
883 4266 1014 4328 domIna
1049 4281 1080 4328 et
1104 4265 1199 4328 fratre
1223 4285 1282 4327 suo
1315 4265 1418 4326 voluit
1451 4285 1501 4327 re·

237 4387 373 4431 servare.

338 4474 416 4536 Item
442 4476 560 4537 Paulus
583 4491 671 4539 sutor
695 4493 805 4540 contra
829 4477 993 4540 Thomam
1017 4478 1158 4539 secundo
1184 4478 1297 4540 citatus
1322 4497 1388 4539 non
1412 4497 1499 4540 com·

234 4580 349 4661 paruit.

340 4687 417 4747 Item
443 4688 561 4748 Paulus
585 4689 724 4751 carnifex
742 4704 850 4753 contra
875 4709 924 4751 ser
941 4689 1150 4751 Benedictum
1176 4689 1280 4772 primo
1297 4691 1410 4758 ciratus
1434 4710 1500 4753 non

161 4806 168 4817 '
237 4793 427 4874 comparuit.
