3472 5234
621 303 708 360 Anno
732 301 821 380 1376.
847 337 887 346 —
913 318 942 362 2.
967 306 1095 377 augusti.

343 511 422 572 ltem
446 532 539 574 causa
574 512 730 573 Anthonii
755 513 902 595 Zitarych
935 527 965 574 et
990 513 1137 595 Gregorii
1170 526 1216 575 est
1240 534 1296 596 per
1314 513 1501 596 Georgium

237 617 400 678 literatum
424 617 464 678 ad
488 632 562 679 octo
586 617 655 678 dies
677 632 803 700 recepta
828 619 868 679 ad
892 638 1014 701 pacem.

343 723 421 783 ltem
446 723 548 784 Cursa
564 723 804 785 molendinator
819 738 931 786 contra
946 724 1166 786 Alexandrum
1182 724 1288 806 primo
1304 726 1417 787 citatus
1433 746 1498 789 non

237 830 428 910 comparuit.

343 934 421 996 Item
445 954 540 996 causa
556 936 704 1017 Ztoyuuk
729 948 760 996 et
783 935 922 1018 Philippi
944 934 1000 996 filii
1030 935 1135 997 Mauri
1161 948 1208 997 est
1231 949 1302 1017 post
1326 937 1501 999 adventum

238 1041 337 1124 ipsius
362 1040 502 1123 Philippi
527 1041 567 1102 ad
590 1042 730 1122 primum
754 1040 910 1121 judicium
934 1053 1115 1123 prorogata.

343 1147 421 1210 ltem
446 1167 539 1208 causa
558 1149 654 1236 Luce,
672 1148 841 1209 Laurencii
867 1162 898 1208 et
920 1146 1076 1209 Anthonii
1093 1147 1270 1227 juratorum
1288 1168 1361 1210 cum
1378 1149 1501 1214 Mathia

235 1267 343 1315 sutore
367 1267 413 1314 est
434 1272 490 1335 per
514 1253 779 1315 communitatem
803 1252 843 1314 ad
867 1252 1047 1334 quindenas
1071 1267 1251 1334 prorogata.

341 1359 420 1420 ltem
444 1359 601 1419 Martinus
632 1359 739 1439 ergavi
773 1370 882 1419 contra
914 1357 1094 1419 Johannem
1123 1359 1264 1421 secundo
1289 1360 1402 1422 citatus
1433 1381 1499 1424 non

236 1464 426 1546 comparuit.
786 1449 787 1452 Ἴ

341 1572 419 1633 Item
443 1589 538 1631 causa
561 1569 638 1631 luan
664 1583 695 1631 et
719 1569 930 1631 Maleieuiche
947 1583 994 1631 est
1010 1589 1066 1651 per
1082 1569 1226 1632 iwanum
1249 1569 1343 1633 Jofan
1367 1571 1407 1632 ad
1424 1585 1498 1635 octo

236 1677 304 1738 dies
327 1690 454 1758 recepta
477 1675 517 1736 ad
540 1695 663 1757 pacem.

340 1784 419 1845 Item
443 1781 606 1843 lohannes
628 1781 771 1843 literatus
802 1800 858 1862 per
891 1781 1125 1843 mercenarium
1149 1781 1306 1844 Johannis
1330 1781 1443 1844 decani
1467 1796 1499 1845 et

234 1888 336 1951 filium
361 1887 492 1949 Henrici
513 1900 627 1949 octavo
652 1886 703 1946 die
728 1887 874 1947 atestabit
894 1906 990 1968 super
1006 1906 1056 1966 eo,
1080 1887 1168 1968 quod
1193 1888 1298 1970 ipsum
1317 1887 1498 1971 Stephanus

234 1994 381 2057 sacerdos
405 1993 444 2054 de
470 1992 682 2054 Hrastouicha
707 1993 873 2053 verberare
897 1992 1060 2054 voluisset.

339 2100 416 2161 ltem
453 2099 584 2160 domina
623 2098 747 2179 Regina
782 2109 892 2159 contra
928 2096 1121 2178 Gregorium
1157 2098 1263 2180 primo
1298 2100 1392 2162 citata
1430 2121 1496 2164 non

235 2206 425 2289 comparuit.

340 2313 418 2374 ltem
436 2309 579 2372 Francha
603 2322 717 2371 octavo
735 2308 786 2370 die
802 2308 871 2391 jura
899 2308 1066 2370 ostendere
1087 2307 1205 2391 (debet)
1229 2330 1324 2391 super
1351 2310 1493 2392 quadam

235 2439 339 2482 vrnea.

339 2524 417 2585 Item
442 2522 525 2583 lwan
551 2522 688 2583 condam
713 2540 808 2603 preco
833 2534 941 2582 contra
967 2520 1102 2581 Paulum
1127 2520 1236 2602 Kypar
1259 2521 1365 2603 primo
1382 2521 1495 2585 citatus

234 2651 299 2693 non
324 2629 511 2712 comparuit.

339 2737 417 2797 Item
435 2735 596 2796 lohannes
612 2734 711 2793 Pazar
728 2745 837 2794 contra
855 2731 963 2793 Sibich
979 2732 1084 2813 primo
1098 2732 1211 2793 citatus
1223 2751 1289 2793 non
1304 2736 1493 2817 comparuit.

339 2843 417 2904 Item
442 2841 592 2920 Dragona
616 2853 725 2899 contra
751 2839 859 2900 Sibich
883 2818 997 2899 octavo
1021 2837 1073 2898 die
1097 2836 1312 2920 respondebit.

339 2948 416 3009 Item
442 2945 551 3007 Sibich
576 2959 685 3005 contra
710 2945 890 3006 Johannem
907 2958 1047 3005 sutorem
1069 2957 1183 3005 octavo
1208 2944 1259 3005 die
1276 2947 1493 3027 respondebit.

338 3055 416 3114 Item
441 3053 579 3112 lacobus
604 3065 712 3111 contra
737 3050 950 3110 Laurentium
975 3064 1088 3111 octavo
1106 3049 1157 3111 die
1181 3071 1213 3110 se
1237 3051 1352 3112 tercius
1376 3051 1494 3133 jurabit

232 3178 327 3241 super
351 3179 401 3235 eo,
426 3157 513 3238 quod
538 3158 605 3236 ipse
630 3155 768 3215 eundem
793 3156 1005 3215 Laurenciurn
1031 3175 1095 3216 non
1120 3155 1344 3219 vulneraverit.

339 3265 417 3324 ltem
443 3263 519 3323 Sara
552 3274 666 3321 octavo
698 3259 749 3320 die
780 3280 812 3319 se
844 3261 961 3320 tercius
984 3260 1101 3340 jurabit
1132 3276 1241 3323 contra
1272 3263 1492 3328 Alexandrum

233 3389 328 3450 super
351 3388 401 3445 e0,
426 3367 513 3447 quod
539 3367 604 3446 ipse
630 3365 848 3425 Alexandrum
872 3384 937 3425 non
955 3366 1179 3445 verberaverit,
1204 3381 1235 3428 et
1258 3381 1304 3430 est
1327 3370 1493 3433 convictus

234 3474 401 3536 indecem
430 3473 545 3532 marcis
577 3470 800 3544 denariorum;
833 3470 932 3550 ipsam
965 3485 1071 3531 autern
1104 3492 1232 3534 causam
1256 3475 1323 3555 ipse
1348 3474 1424 3538 Sara
1450 3478 1490 3539 ad

233 3579 382 3659 antiquos
406 3578 526 3658 judices
550 3576 732 3658 appellavit.

337 3686 415 3745 ltern
440 3684 551 3743 Petrus
575 3696 684 3743 contra
714 3682 908 3764 Dyonisium
939 3682 1062 3745 fabrum
1088 3699 1202 3747 octavo
1234 3687 1285 3749 die
1310 3708 1343 3749 se
1373 3690 1491 3751 tercius

230 3790 348 3870 jurabit
371 3810 465 3870 super
489 3810 538 3866 eo,
560 3788 648 3869 quod
673 3789 739 3870 ipse
763 3808 853 3849 suam
877 3808 1010 3850 uxorem
1035 3810 1100 3850 non
1124 3793 1346 3856 verberaverit.

336 3897 414 3957 ltem
438 3894 590 3957 Clemens
613 3907 700 3955 actor
725 3896 859 3955 existens
880 3909 989 3958 contra
1013 3896 1199 3978 Philippum
1216 3918 1281 3960 non
1299 3902 1489 3983 comparuit.

335 4002 412 4063 Item
438 4001 589 4062 Clemens
612 4014 721 4061 contra
738 4000 898 4061 Vidonern
923 4021 988 4062 non
1012 4003 1191 4083 comparuit
1214 4016 1249 4065 ut
1272 4003 1443 4070 debuisset.

256 4216 361 4291 lictus
391 4223 607 4308 antiquorum
631 4222 782 4307 judicum
810 4221 953 4290 sabbato
982 4223 1134 4310 proximo
1163 4230 1239 4310 post
1266 4223 1388 4295 festum
1419 4227 1461 4297 ad

570 4343 706 4413 vincula
734 4345 844 4414 sancti
872 4343 965 4414 Petri
993 4344 1149 4433 apostoli.

751 4497 794 4571 (2.
823 4498 961 4573 augusti).

334 4634 442 4694 Primo
466 4633 625 4697 Janchech
649 4635 808 4697 aurifaber
839 4636 956 4716 jurabit
987 4636 1229 4718 quintodecimo
1253 4636 1305 4698 die
1336 4638 1487 4704 videlicet

232 4733 242 4744 ’
279 4738 307 4798 'a
331 4752 418 4800 sexta
442 4758 474 4799 se
498 4740 613 4800 tercius
629 4741 773 4822 personis
789 4742 849 4802 sibi
865 4742 1025 4803 similibus
1049 4742 1081 4802 in
1099 4760 1149 4820 eo,
1173 4742 1261 4823 quod
1278 4742 1344 4824 ipse
1368 4744 1486 4807 inscius
