<?xml version="1.0" encoding="UTF-8"?>
<!DOCTYPE html PUBLIC "-//W3C//DTD XHTML 1.0 Transitional//EN"
    "http://www.w3.org/TR/xhtml1/DTD/xhtml1-transitional.dtd">
<html xmlns="http://www.w3.org/1999/xhtml" xml:lang="en" lang="en">
 <head>
  <title>
</title>
<meta http-equiv="Content-Type" content="text/html;charset=utf-8" />
  <meta name='ocr-system' content='tesseract 3.04.00' />
  <meta name='ocr-capabilities' content='ocr_page ocr_carea ocr_par ocr_line ocrx_word'/>
</head>
<body>
  <div class='ocr_page' id='page_1' title='image "./monumentahistor09laszgoog/monumentahistor09laszgoog_0355.png"; bbox 0 0 3472 5234; ppageno 0'>
   <div class='ocr_carea' id='block_1_1' title="bbox 636 334 1482 419">
    <p class='ocr_par' dir='ltr' id='par_1_1' title="bbox 636 334 1482 419">
     <span class='ocr_line' id='line_1_1' title="bbox 636 334 1482 419; baseline 0.004 -23"><span class='ocrx_word' id='word_1_1' title='bbox 636 334 839 414; x_wconf 76' lang='lat' dir='ltr'><strong>Ann01389.</strong></span> <span class='ocrx_word' id='word_1_2' title='bbox 868 372 903 380; x_wconf 93' lang='lat'>-</span> <span class='ocrx_word' id='word_1_3' title='bbox 929 352 960 413; x_wconf 71' lang='lat'><strong>4.</strong></span> <span class='ocrx_word' id='word_1_4' title='bbox 976 338 1070 414; x_wconf 81' lang='lat' dir='ltr'><strong>junii.</strong></span> <span class='ocrx_word' id='word_1_5' title='bbox 1424 357 1482 419; x_wconf 87' lang='lat'><strong>301</strong></span> 
     </span>
    </p>
   </div>
   <div class='ocr_carea' id='block_1_2' title="bbox 225 545 1485 735">
    <p class='ocr_par' dir='ltr' id='par_1_2' title="bbox 225 545 1485 735">
     <span class='ocr_line' id='line_1_2' title="bbox 329 545 1485 628; baseline 0.003 -21"><span class='ocrx_word' id='word_1_6' title='bbox 329 546 408 609; x_wconf 90' lang='lat' dir='ltr'><strong>ltem</strong></span> <span class='ocrx_word' id='word_1_7' title='bbox 440 546 601 609; x_wconf 87' lang='lat' dir='ltr'><strong>lohannes</strong></span> <span class='ocrx_word' id='word_1_8' title='bbox 633 547 757 609; x_wconf 91' lang='lat' dir='ltr'><strong>Samlar</strong></span> <span class='ocrx_word' id='word_1_9' title='bbox 787 560 897 610; x_wconf 85' lang='lat' dir='ltr'><strong>contra</strong></span> <span class='ocrx_word' id='word_1_10' title='bbox 931 545 1128 628; x_wconf 86' lang='lat' dir='ltr'><strong>Gregorium</strong></span> <span class='ocrx_word' id='word_1_11' title='bbox 1159 548 1306 610; x_wconf 89' lang='lat' dir='ltr'><strong>voischar</strong></span> <span class='ocrx_word' id='word_1_12' title='bbox 1338 550 1485 611; x_wconf 90' lang='lat' dir='ltr'><strong>terciario</strong></span> 
     </span>
     <span class='ocr_line' id='line_1_3' title="bbox 225 652 642 735; baseline 0.005 -21"><span class='ocrx_word' id='word_1_13' title='bbox 225 653 339 715; x_wconf 91' lang='lat' dir='ltr'><strong>citatus</strong></span> <span class='ocrx_word' id='word_1_14' title='bbox 362 673 428 715; x_wconf 92' lang='lat' dir='ltr'><strong>non</strong></span> <span class='ocrx_word' id='word_1_15' title='bbox 453 652 642 735; x_wconf 82' lang='lat' dir='ltr'><strong>comparuit.</strong></span> 
     </span>
    </p>
   </div>
   <div class='ocr_carea' id='block_1_3' title="bbox 340 852 1407 1085">
    <p class='ocr_par' dir='ltr' id='par_1_3' title="bbox 340 852 1407 1085">
     <span class='ocr_line' id='line_1_4' title="bbox 340 852 1407 944; baseline 0.004 -19"><span class='ocrx_word' id='word_1_16' title='bbox 340 852 437 927; x_wconf 81' lang='lat' dir='ltr'><strong>Feria</strong></span> <span class='ocrx_word' id='word_1_17' title='bbox 465 863 562 926; x_wconf 86' lang='lat' dir='ltr'><strong>sexta</strong></span> <span class='ocrx_word' id='word_1_18' title='bbox 590 856 744 944; x_wconf 83' lang='lat' dir='ltr'><strong>proxima</strong></span> <span class='ocrx_word' id='word_1_19' title='bbox 772 863 849 944; x_wconf 89' lang='lat' dir='ltr'><strong>post</strong></span> <span class='ocrx_word' id='word_1_20' title='bbox 876 855 1000 928; x_wconf 82' lang='lat' dir='ltr'><strong>festum</strong></span> <span class='ocrx_word' id='word_1_21' title='bbox 1029 854 1244 930; x_wconf 75' lang='lat' dir='ltr'><strong>Ascensionis</strong></span> <span class='ocrx_word' id='word_1_22' title='bbox 1275 858 1407 930; x_wconf 88' lang='lat' dir='ltr'><strong>domini.</strong></span> 
     </span>
     <span class='ocr_line' id='line_1_5' title="bbox 766 1004 948 1085; baseline 0.011 -20"><span class='ocrx_word' id='word_1_23' title='bbox 766 1004 833 1085; x_wconf 81' lang='lat'><strong>(28.</strong></span> <span class='ocrx_word' id='word_1_24' title='bbox 856 1008 948 1076; x_wconf 82' lang='lat' dir='ltr'><strong>maii).</strong></span> 
     </span>
    </p>
   </div>
   <div class='ocr_carea' id='block_1_4' title="bbox 223 1145 1486 2184">
    <p class='ocr_par' dir='ltr' id='par_1_4' title="bbox 331 1145 1486 1231">
     <span class='ocr_line' id='line_1_6' title="bbox 331 1145 1486 1231; baseline 0.004 -25"><span class='ocrx_word' id='word_1_25' title='bbox 331 1145 410 1207; x_wconf 91' lang='lat' dir='ltr'><strong>ltem</strong></span> <span class='ocrx_word' id='word_1_26' title='bbox 435 1145 626 1208; x_wconf 90' lang='lat' dir='ltr'><strong>Vlkmanich</strong></span> <span class='ocrx_word' id='word_1_27' title='bbox 658 1159 768 1209; x_wconf 91' lang='lat' dir='ltr'><strong>contra</strong></span> <span class='ocrx_word' id='word_1_28' title='bbox 792 1147 894 1209; x_wconf 79' lang='lat' dir='ltr'><strong>Volelt</strong></span> <span class='ocrx_word' id='word_1_29' title='bbox 920 1148 1024 1230; x_wconf 91' lang='lat' dir='ltr'><strong>primo</strong></span> <span class='ocrx_word' id='word_1_30' title='bbox 1049 1147 1163 1210; x_wconf 89' lang='lat' dir='ltr'><strong>citatus</strong></span> <span class='ocrx_word' id='word_1_31' title='bbox 1202 1167 1268 1210; x_wconf 92' lang='lat' dir='ltr'><strong>non</strong></span> <span class='ocrx_word' id='word_1_32' title='bbox 1297 1148 1486 1231; x_wconf 82' lang='lat' dir='ltr'><strong>comparuit.</strong></span> 
     </span>
    </p>

    <p class='ocr_par' dir='ltr' id='par_1_5' title="bbox 224 1251 1486 1440">
     <span class='ocr_line' id='line_1_7' title="bbox 330 1251 1486 1336; baseline 0.003 -24"><span class='ocrx_word' id='word_1_33' title='bbox 330 1251 407 1312; x_wconf 87' lang='lat' dir='ltr'><strong>ltem</strong></span> <span class='ocrx_word' id='word_1_34' title='bbox 434 1251 615 1335; x_wconf 85' lang='lat' dir='ltr'>Stephanus</span> <span class='ocrx_word' id='word_1_35' title='bbox 639 1252 779 1314; x_wconf 88' lang='lat' dir='ltr'><strong>salivena</strong></span> <span class='ocrx_word' id='word_1_36' title='bbox 804 1267 913 1315; x_wconf 91' lang='lat' dir='ltr'><strong>contra</strong></span> <span class='ocrx_word' id='word_1_37' title='bbox 938 1254 1013 1315; x_wconf 90' lang='lat' dir='ltr'><strong>lvan</strong></span> <span class='ocrx_word' id='word_1_38' title='bbox 1044 1254 1148 1336; x_wconf 90' lang='lat' dir='ltr'><strong>primo</strong></span> <span class='ocrx_word' id='word_1_39' title='bbox 1173 1254 1285 1315; x_wconf 91' lang='lat' dir='ltr'><strong>citatus</strong></span> <span class='ocrx_word' id='word_1_40' title='bbox 1309 1273 1373 1316; x_wconf 90' lang='lat' dir='ltr'><strong>non</strong></span> <span class='ocrx_word' id='word_1_41' title='bbox 1399 1275 1486 1316; x_wconf 91' lang='lat' dir='ltr'><strong>com·</strong></span> 
     </span>
     <span class='ocr_line' id='line_1_8' title="bbox 224 1357 339 1440; baseline 0.009 -22"><span class='ocrx_word' id='word_1_42' title='bbox 224 1357 339 1440; x_wconf 90' lang='lat' dir='ltr'><strong>paruit.</strong></span> 
     </span>
    </p>

    <p class='ocr_par' dir='ltr' id='par_1_6' title="bbox 224 1463 1486 1652">
     <span class='ocr_line' id='line_1_9' title="bbox 331 1463 1486 1548; baseline 0.003 -23"><span class='ocrx_word' id='word_1_43' title='bbox 331 1463 409 1526; x_wconf 86' lang='lat' dir='ltr'><strong>Item</strong></span> <span class='ocrx_word' id='word_1_44' title='bbox 435 1465 632 1527; x_wconf 77' lang='lat' dir='ltr'><strong>Laurentius</strong></span> <span class='ocrx_word' id='word_1_45' title='bbox 655 1463 777 1546; x_wconf 85' lang='lat' dir='ltr'><strong>juratus</strong></span> <span class='ocrx_word' id='word_1_46' title='bbox 808 1478 917 1528; x_wconf 92' lang='lat' dir='ltr'><strong>contra</strong></span> <span class='ocrx_word' id='word_1_47' title='bbox 943 1466 1121 1528; x_wconf 85' lang='lat' dir='ltr'><strong>Pertlinum</strong></span> <span class='ocrx_word' id='word_1_48' title='bbox 1154 1466 1259 1548; x_wconf 92' lang='lat' dir='ltr'><strong>primo</strong></span> <span class='ocrx_word' id='word_1_49' title='bbox 1284 1466 1397 1528; x_wconf 92' lang='lat' dir='ltr'><strong>citatus</strong></span> <span class='ocrx_word' id='word_1_50' title='bbox 1421 1486 1486 1529; x_wconf 92' lang='lat' dir='ltr'><strong>non</strong></span> 
     </span>
     <span class='ocr_line' id='line_1_10' title="bbox 224 1570 413 1652; baseline 0.016 -22"><span class='ocrx_word' id='word_1_51' title='bbox 224 1570 413 1652; x_wconf 87' lang='lat' dir='ltr'><strong>comparuit.</strong></span> 
     </span>
    </p>

    <p class='ocr_par' dir='ltr' id='par_1_7' title="bbox 330 1674 1483 1760">
     <span class='ocr_line' id='line_1_11' title="bbox 330 1674 1483 1760; baseline 0.003 -23"><span class='ocrx_word' id='word_1_52' title='bbox 330 1674 408 1738; x_wconf 91' lang='lat' dir='ltr'><strong>ltem</strong></span> <span class='ocrx_word' id='word_1_53' title='bbox 423 1677 531 1739; x_wconf 87' lang='lat' dir='ltr'><strong>Marco</strong></span> <span class='ocrx_word' id='word_1_54' title='bbox 546 1676 735 1739; x_wconf 88' lang='lat' dir='ltr'><strong>Gmizanich</strong></span> <span class='ocrx_word' id='word_1_55' title='bbox 754 1693 863 1740; x_wconf 92' lang='lat' dir='ltr'><strong>contra</strong></span> <span class='ocrx_word' id='word_1_56' title='bbox 877 1678 1057 1741; x_wconf 87' lang='lat' dir='ltr'><strong>lohanncm</strong></span> <span class='ocrx_word' id='word_1_57' title='bbox 1069 1692 1183 1741; x_wconf 91' lang='lat' dir='ltr'><strong>octavo</strong></span> <span class='ocrx_word' id='word_1_58' title='bbox 1197 1679 1249 1741; x_wconf 91' lang='lat' dir='ltr'><strong>die</strong></span> <span class='ocrx_word' id='word_1_59' title='bbox 1266 1678 1483 1760; x_wconf 88' lang='lat' dir='ltr'><strong>respondebit.</strong></span> 
     </span>
    </p>

    <p class='ocr_par' dir='ltr' id='par_1_8' title="bbox 223 1782 1482 1971">
     <span class='ocr_line' id='line_1_12' title="bbox 328 1782 1482 1848; baseline 0.003 -5"><span class='ocrx_word' id='word_1_60' title='bbox 328 1782 406 1844; x_wconf 89' lang='lat' dir='ltr'><strong>Item</strong></span> <span class='ocrx_word' id='word_1_61' title='bbox 431 1783 584 1845; x_wconf 89' lang='lat' dir='ltr'><strong>Nicolaus</strong></span> <span class='ocrx_word' id='word_1_62' title='bbox 608 1783 722 1846; x_wconf 92' lang='lat' dir='ltr'><strong>Kouch</strong></span> <span class='ocrx_word' id='word_1_63' title='bbox 747 1798 856 1846; x_wconf 91' lang='lat' dir='ltr'><strong>contra</strong></span> <span class='ocrx_word' id='word_1_64' title='bbox 881 1786 1023 1847; x_wconf 90' lang='lat' dir='ltr'><strong>Marcum</strong></span> <span class='ocrx_word' id='word_1_65' title='bbox 1056 1785 1246 1847; x_wconf 91' lang='lat' dir='ltr'><strong>secundario</strong></span> <span class='ocrx_word' id='word_1_66' title='bbox 1271 1785 1385 1848; x_wconf 89' lang='lat' dir='ltr'><strong>citatus</strong></span> <span class='ocrx_word' id='word_1_67' title='bbox 1416 1805 1482 1847; x_wconf 91' lang='lat' dir='ltr'><strong>non</strong></span> 
     </span>
     <span class='ocr_line' id='line_1_13' title="bbox 223 1888 412 1971; baseline 0.005 -21"><span class='ocrx_word' id='word_1_68' title='bbox 223 1888 412 1971; x_wconf 86' lang='lat' dir='ltr'><strong>comparuit.</strong></span> 
     </span>
    </p>

    <p class='ocr_par' dir='ltr' id='par_1_9' title="bbox 224 1995 1484 2184">
     <span class='ocr_line' id='line_1_14' title="bbox 328 1995 1484 2060; baseline 0.001 -4"><span class='ocrx_word' id='word_1_69' title='bbox 328 1995 406 2058; x_wconf 93' lang='lat' dir='ltr'><strong>Item</strong></span> <span class='ocrx_word' id='word_1_70' title='bbox 433 1995 686 2058; x_wconf 89' lang='lat' dir='ltr'><strong>Chuchenouich</strong></span> <span class='ocrx_word' id='word_1_71' title='bbox 711 2010 818 2059; x_wconf 88' lang='lat' dir='ltr'><strong>contra</strong></span> <span class='ocrx_word' id='word_1_72' title='bbox 849 1998 1021 2060; x_wconf 84' lang='lat' dir='ltr'><strong>Lucasiutn</strong></span> <span class='ocrx_word' id='word_1_73' title='bbox 1052 1996 1241 2058; x_wconf 90' lang='lat' dir='ltr'><strong>secundario</strong></span> <span class='ocrx_word' id='word_1_74' title='bbox 1273 1996 1386 2058; x_wconf 90' lang='lat' dir='ltr'><strong>citatus</strong></span> <span class='ocrx_word' id='word_1_75' title='bbox 1420 2015 1484 2058; x_wconf 93' lang='lat' dir='ltr'><strong>non</strong></span> 
     </span>
     <span class='ocr_line' id='line_1_15' title="bbox 224 2101 413 2184; baseline 0.011 -22"><span class='ocrx_word' id='word_1_76' title='bbox 224 2101 413 2184; x_wconf 83' lang='lat' dir='ltr'><strong>comparuit.</strong></span> 
     </span>
    </p>
   </div>
   <div class='ocr_carea' id='block_1_5' title="bbox 225 2207 1485 2396">
    <p class='ocr_par' dir='ltr' id='par_1_10' title="bbox 225 2207 1485 2396">
     <span class='ocr_line' id='line_1_16' title="bbox 330 2207 1485 2293; baseline 0.003 -25"><span class='ocrx_word' id='word_1_77' title='bbox 330 2207 407 2269; x_wconf 91' lang='lat' dir='ltr'><strong>ltem</strong></span> <span class='ocrx_word' id='word_1_78' title='bbox 433 2228 526 2270; x_wconf 92' lang='lat' dir='ltr'><strong>causa</strong></span> <span class='ocrx_word' id='word_1_79' title='bbox 544 2210 656 2271; x_wconf 88' lang='lat' dir='ltr'><strong>Briccii</strong></span> <span class='ocrx_word' id='word_1_80' title='bbox 675 2224 783 2273; x_wconf 89' lang='lat' dir='ltr'><strong>contra</strong></span> <span class='ocrx_word' id='word_1_81' title='bbox 802 2210 992 2273; x_wconf 88' lang='lat' dir='ltr'><strong>Michaelem</strong></span> <span class='ocrx_word' id='word_1_82' title='bbox 1016 2231 1116 2293; x_wconf 88' lang='lat' dir='ltr'><strong>usque</strong></span> <span class='ocrx_word' id='word_1_83' title='bbox 1134 2225 1207 2273; x_wconf 92' lang='lat' dir='ltr'><strong>octo</strong></span> <span class='ocrx_word' id='word_1_84' title='bbox 1232 2210 1300 2272; x_wconf 92' lang='lat' dir='ltr'><strong>dies</strong></span> <span class='ocrx_word' id='word_1_85' title='bbox 1317 2210 1356 2271; x_wconf 88' lang='lat' dir='ltr'><strong>ad</strong></span> <span class='ocrx_word' id='word_1_86' title='bbox 1374 2230 1485 2293; x_wconf 88' lang='lat' dir='ltr'><strong>pacem</strong></span> 
     </span>
     <span class='ocr_line' id='line_1_17' title="bbox 225 2326 430 2396; baseline 0.01 -22"><span class='ocrx_word' id='word_1_87' title='bbox 225 2326 270 2374; x_wconf 92' lang='lat' dir='ltr'><strong>est</strong></span> <span class='ocrx_word' id='word_1_88' title='bbox 295 2328 430 2396; x_wconf 90' lang='lat' dir='ltr'><strong>recepta.</strong></span> 
     </span>
    </p>
   </div>
   <div class='ocr_carea' id='block_1_6' title="bbox 220 2419 1486 2611">
    <p class='ocr_par' dir='ltr' id='par_1_11' title="bbox 220 2419 1486 2611">
     <span class='ocr_line' id='line_1_18' title="bbox 330 2419 1480 2505; baseline 0.004 -26"><span class='ocrx_word' id='word_1_89' title='bbox 330 2419 406 2482; x_wconf 89' lang='lat' dir='ltr'><strong>ltem</strong></span> <span class='ocrx_word' id='word_1_90' title='bbox 434 2421 569 2483; x_wconf 86' lang='lat' dir='ltr'><strong>Michael</strong></span> <span class='ocrx_word' id='word_1_91' title='bbox 596 2422 764 2504; x_wconf 81' lang='lat' dir='ltr'><strong>Vragouch</strong></span> <span class='ocrx_word' id='word_1_92' title='bbox 789 2437 902 2485; x_wconf 91' lang='lat' dir='ltr'><strong>octavo</strong></span> <span class='ocrx_word' id='word_1_93' title='bbox 923 2424 975 2485; x_wconf 90' lang='lat' dir='ltr'><strong>die</strong></span> <span class='ocrx_word' id='word_1_94' title='bbox 999 2423 1098 2485; x_wconf 90' lang='lat' dir='ltr'><strong>tercio</strong></span> <span class='ocrx_word' id='word_1_95' title='bbox 1122 2444 1154 2484; x_wconf 89' lang='lat' dir='ltr'><strong>sc</strong></span> <span class='ocrx_word' id='word_1_96' title='bbox 1172 2443 1267 2505; x_wconf 86' lang='lat' dir='ltr'><strong>super</strong></span> <span class='ocrx_word' id='word_1_97' title='bbox 1291 2442 1330 2484; x_wconf 90' lang='lat' dir='ltr'><strong>eo</strong></span> <span class='ocrx_word' id='word_1_98' title='bbox 1354 2422 1480 2503; x_wconf 79' lang='lat' dir='ltr'><strong>iurabit,</strong></span> 
     </span>
     <span class='ocr_line' id='line_1_19' title="bbox 220 2525 1486 2611; baseline 0.003 -25"><span class='ocrx_word' id='word_1_99' title='bbox 220 2525 309 2604; x_wconf 92' lang='lat' dir='ltr'><strong>quod</strong></span> <span class='ocrx_word' id='word_1_100' title='bbox 333 2526 399 2607; x_wconf 90' lang='lat' dir='ltr'><strong>ipse</strong></span> <span class='ocrx_word' id='word_1_101' title='bbox 424 2546 441 2587; x_wconf 93' lang='lat' dir='ltr'><strong>a</strong></span> <span class='ocrx_word' id='word_1_102' title='bbox 466 2527 604 2588; x_wconf 89' lang='lat' dir='ltr'><strong>Martino</strong></span> <span class='ocrx_word' id='word_1_103' title='bbox 631 2529 740 2589; x_wconf 87' lang='lat' dir='ltr'><strong>llozca</strong></span> <span class='ocrx_word' id='word_1_104' title='bbox 765 2529 832 2590; x_wconf 90' lang='lat' dir='ltr'><strong>auri</strong></span> <span class='ocrx_word' id='word_1_105' title='bbox 851 2530 922 2611; x_wconf 92' lang='lat' dir='ltr'><strong>plus</strong></span> <span class='ocrx_word' id='word_1_106' title='bbox 944 2549 1008 2590; x_wconf 92' lang='lat' dir='ltr'><strong>non</strong></span> <span class='ocrx_word' id='word_1_107' title='bbox 1027 2529 1195 2611; x_wconf 86' lang='lat' dir='ltr'><strong>recepisset</strong></span> <span class='ocrx_word' id='word_1_108' title='bbox 1214 2529 1274 2589; x_wconf 90' lang='lat' dir='ltr'><strong>nisi</strong></span> <span class='ocrx_word' id='word_1_109' title='bbox 1299 2548 1399 2590; x_wconf 90' lang='lat' dir='ltr'><strong>unum</strong></span> <span class='ocrx_word' id='word_1_110' title='bbox 1417 2527 1486 2590; x_wconf 90' lang='lat' dir='ltr'><strong>flor.</strong></span> 
     </span>
    </p>
   </div>
   <div class='ocr_carea' id='block_1_7' title="bbox 123 2634 1151 2716">
    <p class='ocr_par' dir='ltr' id='par_1_12' title="bbox 123 2634 1151 2716">
     <span class='ocr_line' id='line_1_20' title="bbox 123 2634 1151 2716; baseline 0.004 -24"><span class='ocrx_word' id='word_1_111' title='bbox 123 2656 128 2663; x_wconf 83' lang='lat'><strong>·</strong></span> <span class='ocrx_word' id='word_1_112' title='bbox 220 2645 251 2693; x_wconf 87' lang='lat' dir='ltr'><strong>ct</strong></span> <span class='ocrx_word' id='word_1_113' title='bbox 275 2651 371 2693; x_wconf 89' lang='lat' dir='ltr'><strong>unam</strong></span> <span class='ocrx_word' id='word_1_114' title='bbox 397 2653 546 2712; x_wconf 84' lang='lat' dir='ltr'><strong>marcam,</strong></span> <span class='ocrx_word' id='word_1_115' title='bbox 572 2647 603 2696; x_wconf 90' lang='lat' dir='ltr'><strong>et</strong></span> <span class='ocrx_word' id='word_1_116' title='bbox 626 2648 765 2715; x_wconf 91' lang='lat' dir='ltr'><strong>quatuor</strong></span> <span class='ocrx_word' id='word_1_117' title='bbox 788 2634 857 2697; x_wconf 91' lang='lat' dir='ltr'><strong>flor.</strong></span> <span class='ocrx_word' id='word_1_118' title='bbox 883 2655 947 2696; x_wconf 91' lang='lat' dir='ltr'><strong>non</strong></span> <span class='ocrx_word' id='word_1_119' title='bbox 972 2635 1151 2716; x_wconf 85' lang='lat' dir='ltr'><strong>recepisset.</strong></span> 
     </span>
    </p>
   </div>
   <div class='ocr_carea' id='block_1_8' title="bbox 219 2738 1486 3353">
    <p class='ocr_par' dir='ltr' id='par_1_13' title="bbox 219 2738 1486 3353">
     <span class='ocr_line' id='line_1_21' title="bbox 326 2738 1480 2823; baseline 0.003 -24"><span class='ocrx_word' id='word_1_120' title='bbox 326 2738 404 2800; x_wconf 91' lang='lat' dir='ltr'><strong>Item</strong></span> <span class='ocrx_word' id='word_1_121' title='bbox 429 2738 516 2820; x_wconf 92' lang='lat' dir='ltr'><strong>quod</strong></span> <span class='ocrx_word' id='word_1_122' title='bbox 542 2741 617 2821; x_wconf 89' lang='lat' dir='ltr'><strong>quia</strong></span> <span class='ocrx_word' id='word_1_123' title='bbox 641 2741 775 2823; x_wconf 93' lang='lat' dir='ltr'><strong>provida</strong></span> <span class='ocrx_word' id='word_1_124' title='bbox 801 2741 933 2802; x_wconf 90' lang='lat' dir='ltr'><strong>domina</strong></span> <span class='ocrx_word' id='word_1_125' title='bbox 960 2741 1053 2802; x_wconf 91' lang='lat' dir='ltr'><strong>Kuna</strong></span> <span class='ocrx_word' id='word_1_126' title='bbox 1086 2755 1196 2802; x_wconf 89' lang='lat' dir='ltr'><strong>vocata</strong></span> <span class='ocrx_word' id='word_1_127' title='bbox 1221 2740 1330 2802; x_wconf 91' lang='lat' dir='ltr'><strong>relicta</strong></span> <span class='ocrx_word' id='word_1_128' title='bbox 1355 2739 1480 2802; x_wconf 84' lang='lat' dir='ltr'><strong>Paulini</strong></span> 
     </span>
     <span class='ocr_line' id='line_1_22' title="bbox 220 2844 1482 2927; baseline 0.001 -22"><span class='ocrx_word' id='word_1_129' title='bbox 220 2844 284 2905; x_wconf 89' lang='lat' dir='ltr'><strong>Res</strong></span> <span class='ocrx_word' id='word_1_130' title='bbox 308 2863 365 2926; x_wconf 92' lang='lat' dir='ltr'><strong>per</strong></span> <span class='ocrx_word' id='word_1_131' title='bbox 389 2845 520 2906; x_wconf 90' lang='lat' dir='ltr'><strong>evidens</strong></span> <span class='ocrx_word' id='word_1_132' title='bbox 543 2846 763 2907; x_wconf 91' lang='lat' dir='ltr'><strong>testimonium</strong></span> <span class='ocrx_word' id='word_1_133' title='bbox 792 2860 974 2908; x_wconf 88' lang='lat' dir='ltr'><strong>nostrorum</strong></span> <span class='ocrx_word' id='word_1_134' title='bbox 1007 2846 1189 2907; x_wconf 91' lang='lat' dir='ltr'><strong>concivium</strong></span> <span class='ocrx_word' id='word_1_135' title='bbox 1215 2846 1246 2906; x_wconf 91' lang='lat' dir='ltr'><strong>id</strong></span> <span class='ocrx_word' id='word_1_136' title='bbox 1271 2845 1482 2927; x_wconf 88' lang='lat' dir='ltr'><strong>solempniter</strong></span> 
     </span>
     <span class='ocr_line' id='line_1_23' title="bbox 220 2951 1484 3032; baseline 0.002 -22"><span class='ocrx_word' id='word_1_137' title='bbox 220 2951 454 3032; x_wconf 90' lang='lat' dir='ltr'><strong>comprobavit,</strong></span> <span class='ocrx_word' id='word_1_138' title='bbox 478 2965 513 3012; x_wconf 93' lang='lat' dir='ltr'><strong>ut</strong></span> <span class='ocrx_word' id='word_1_139' title='bbox 537 2951 622 3012; x_wconf 88' lang='lat' dir='ltr'><strong>idem</strong></span> <span class='ocrx_word' id='word_1_140' title='bbox 649 2953 761 3013; x_wconf 80' lang='lat' dir='ltr'><strong>Paulin</strong></span> <span class='ocrx_word' id='word_1_141' title='bbox 786 2952 890 3014; x_wconf 88' lang='lat' dir='ltr'><strong>adhuc</strong></span> <span class='ocrx_word' id='word_1_142' title='bbox 914 2952 990 3013; x_wconf 93' lang='lat' dir='ltr'><strong>dum</strong></span> <span class='ocrx_word' id='word_1_143' title='bbox 1010 2952 1041 3013; x_wconf 92' lang='lat' dir='ltr'><strong>in</strong></span> <span class='ocrx_word' id='word_1_144' title='bbox 1067 2952 1215 3013; x_wconf 92' lang='lat' dir='ltr'><strong>humanis</strong></span> <span class='ocrx_word' id='word_1_145' title='bbox 1240 2951 1350 3013; x_wconf 88' lang='lat' dir='ltr'><strong>luisset</strong></span> <span class='ocrx_word' id='word_1_146' title='bbox 1374 2952 1484 3013; x_wconf 89' lang='lat' dir='ltr'><strong>omnia</strong></span> 
     </span>
     <span class='ocr_line' id='line_1_24' title="bbox 221 3055 1485 3138; baseline 0.002 -23"><span class='ocrx_word' id='word_1_147' title='bbox 221 3055 304 3116; x_wconf 92' lang='lat' dir='ltr'><strong>bona</strong></span> <span class='ocrx_word' id='word_1_148' title='bbox 330 3075 386 3117; x_wconf 89' lang='lat' dir='ltr'><strong>sua</strong></span> <span class='ocrx_word' id='word_1_149' title='bbox 411 3056 517 3118; x_wconf 89' lang='lat' dir='ltr'><strong>eidem</strong></span> <span class='ocrx_word' id='word_1_150' title='bbox 543 3058 637 3119; x_wconf 90' lang='lat' dir='ltr'><strong>Kune</strong></span> <span class='ocrx_word' id='word_1_151' title='bbox 662 3058 840 3138; x_wconf 85' lang='lat' dir='ltr'><strong>legavisset,</strong></span> <span class='ocrx_word' id='word_1_152' title='bbox 875 3059 949 3120; x_wconf 90' lang='lat' dir='ltr'><strong>ideo</strong></span> <span class='ocrx_word' id='word_1_153' title='bbox 974 3078 1033 3119; x_wconf 88' lang='lat' dir='ltr'><strong>nos</strong></span> <span class='ocrx_word' id='word_1_154' title='bbox 1064 3057 1168 3120; x_wconf 91' lang='lat' dir='ltr'><strong>eidem</strong></span> <span class='ocrx_word' id='word_1_155' title='bbox 1204 3057 1334 3120; x_wconf 90' lang='lat' dir='ltr'><strong>domine</strong></span> <span class='ocrx_word' id='word_1_156' title='bbox 1359 3056 1485 3137; x_wconf 84' lang='lat' dir='ltr'><strong>adjudi-</strong></span> 
     </span>
     <span class='ocr_line' id='line_1_25' title="bbox 221 3162 1486 3247; baseline 0.003 -26"><span class='ocrx_word' id='word_1_157' title='bbox 221 3162 364 3223; x_wconf 86' lang='lat' dir='ltr'><strong>cavimus</strong></span> <span class='ocrx_word' id='word_1_158' title='bbox 389 3163 442 3241; x_wconf 88' lang='lat' dir='ltr'><strong>ita,</strong></span> <span class='ocrx_word' id='word_1_159' title='bbox 467 3164 555 3244; x_wconf 93' lang='lat' dir='ltr'><strong>quod</strong></span> <span class='ocrx_word' id='word_1_160' title='bbox 580 3164 643 3225; x_wconf 83' lang='lat' dir='ltr'><strong>Res</strong></span> <span class='ocrx_word' id='word_1_161' title='bbox 668 3163 761 3226; x_wconf 85' lang='lat' dir='ltr'><strong>irater</strong></span> <span class='ocrx_word' id='word_1_162' title='bbox 778 3165 853 3226; x_wconf 89' lang='lat' dir='ltr'><strong>dicti</strong></span> <span class='ocrx_word' id='word_1_163' title='bbox 880 3164 1008 3225; x_wconf 89' lang='lat' dir='ltr'><strong>Paulini</strong></span> <span class='ocrx_word' id='word_1_164' title='bbox 1025 3184 1122 3247; x_wconf 89' lang='lat' dir='ltr'><strong>super</strong></span> <span class='ocrx_word' id='word_1_165' title='bbox 1140 3165 1242 3245; x_wconf 91' lang='lat' dir='ltr'><strong>ipsam</strong></span> <span class='ocrx_word' id='word_1_166' title='bbox 1259 3165 1388 3226; x_wconf 88' lang='lat' dir='ltr'><strong>Kunam</strong></span> <span class='ocrx_word' id='word_1_167' title='bbox 1407 3164 1486 3226; x_wconf 92' lang='lat' dir='ltr'><strong>nihil</strong></span> 
     </span>
     <span class='ocr_line' id='line_1_26' title="bbox 219 3269 1061 3353; baseline 0.004 -24"><span class='ocrx_word' id='word_1_168' title='bbox 219 3269 384 3351; x_wconf 88' lang='lat' dir='ltr'><strong>acquirere</strong></span> <span class='ocrx_word' id='word_1_169' title='bbox 409 3270 509 3351; x_wconf 86' lang='lat' dir='ltr'><strong>possit</strong></span> <span class='ocrx_word' id='word_1_170' title='bbox 533 3290 590 3333; x_wconf 87' lang='lat' dir='ltr'><strong>nec</strong></span> <span class='ocrx_word' id='word_1_171' title='bbox 615 3271 669 3332; x_wconf 91' lang='lat' dir='ltr'><strong>alii</strong></span> <span class='ocrx_word' id='word_1_172' title='bbox 694 3284 841 3352; x_wconf 86' lang='lat' dir='ltr'><strong>parentes</strong></span> <span class='ocrx_word' id='word_1_173' title='bbox 865 3270 964 3353; x_wconf 89' lang='lat' dir='ltr'><strong>ipsius</strong></span> <span class='ocrx_word' id='word_1_174' title='bbox 989 3271 1061 3332; x_wconf 69' lang='lat' dir='ltr'><strong>lies.</strong></span> 
     </span>
    </p>
   </div>
   <div class='ocr_carea' id='block_1_9' title="bbox 378 3468 1319 3561">
    <p class='ocr_par' dir='ltr' id='par_1_14' title="bbox 378 3468 1319 3561">
     <span class='ocr_line' id='line_1_27' title="bbox 378 3468 1319 3561; baseline 0.002 -20"><span class='ocrx_word' id='word_1_175' title='bbox 378 3468 474 3543; x_wconf 85' lang='lat' dir='ltr'><strong>Feria</strong></span> <span class='ocrx_word' id='word_1_176' title='bbox 499 3481 598 3543; x_wconf 83' lang='lat' dir='ltr'><strong>sexta</strong></span> <span class='ocrx_word' id='word_1_177' title='bbox 628 3475 788 3561; x_wconf 83' lang='lat' dir='ltr'><strong>proxima</strong></span> <span class='ocrx_word' id='word_1_178' title='bbox 817 3481 896 3545; x_wconf 83' lang='lat' dir='ltr'><strong>unte</strong></span> <span class='ocrx_word' id='word_1_179' title='bbox 923 3473 1044 3545; x_wconf 80' lang='lat' dir='ltr'><strong>festum</strong></span> <span class='ocrx_word' id='word_1_180' title='bbox 1073 3473 1319 3545; x_wconf 85' lang='lat' dir='ltr'><strong>Penthecostes.</strong></span> 
     </span>
    </p>
   </div>
   <div class='ocr_carea' id='block_1_10' title="bbox 220 3627 1490 4910">
    <p class='ocr_par' dir='ltr' id='par_1_15' title="bbox 769 3627 936 3704">
     <span class='ocr_line' id='line_1_28' title="bbox 769 3627 936 3704; baseline 0.03 -21"><span class='ocrx_word' id='word_1_181' title='bbox 769 3627 812 3704; x_wconf 77' lang='lat'><strong>(4.</strong></span> <span class='ocrx_word' id='word_1_182' title='bbox 830 3629 936 3704; x_wconf 79' lang='lat' dir='ltr'><strong>junir).</strong></span> 
     </span>
    </p>

    <p class='ocr_par' dir='ltr' id='par_1_16' title="bbox 323 3765 1485 3849">
     <span class='ocr_line' id='line_1_29' title="bbox 323 3765 1485 3849; baseline 0.003 -23"><span class='ocrx_word' id='word_1_183' title='bbox 323 3767 401 3828; x_wconf 88' lang='lat' dir='ltr'><strong>Item</strong></span> <span class='ocrx_word' id='word_1_184' title='bbox 427 3766 607 3848; x_wconf 86' lang='lat' dir='ltr'><strong>Stephanus</strong></span> <span class='ocrx_word' id='word_1_185' title='bbox 631 3767 772 3828; x_wconf 86' lang='lat' dir='ltr'><strong>salivena</strong></span> <span class='ocrx_word' id='word_1_186' title='bbox 805 3780 913 3829; x_wconf 88' lang='lat' dir='ltr'><strong>contra</strong></span> <span class='ocrx_word' id='word_1_187' title='bbox 939 3767 1014 3829; x_wconf 91' lang='lat' dir='ltr'><strong>lvan</strong></span> <span class='ocrx_word' id='word_1_188' title='bbox 1039 3783 1154 3830; x_wconf 92' lang='lat' dir='ltr'><strong>octavo</strong></span> <span class='ocrx_word' id='word_1_189' title='bbox 1187 3767 1238 3829; x_wconf 91' lang='lat' dir='ltr'><strong>die</strong></span> <span class='ocrx_word' id='word_1_190' title='bbox 1264 3765 1485 3849; x_wconf 89' lang='lat' dir='ltr'><strong>respondebit.</strong></span> 
     </span>
    </p>

    <p class='ocr_par' dir='ltr' id='par_1_17' title="bbox 328 3872 1440 3955">
     <span class='ocr_line' id='line_1_30' title="bbox 328 3872 1440 3955; baseline 0.003 -22"><span class='ocrx_word' id='word_1_191' title='bbox 328 3872 404 3934; x_wconf 87' lang='lat' dir='ltr'><strong>Item</strong></span> <span class='ocrx_word' id='word_1_192' title='bbox 432 3873 504 3935; x_wconf 82' lang='lat' dir='ltr'><strong>lvan</strong></span> <span class='ocrx_word' id='word_1_193' title='bbox 530 3887 640 3935; x_wconf 91' lang='lat' dir='ltr'><strong>contra</strong></span> <span class='ocrx_word' id='word_1_194' title='bbox 665 3874 865 3935; x_wconf 90' lang='lat' dir='ltr'><strong>Demetrium</strong></span> <span class='ocrx_word' id='word_1_195' title='bbox 889 3874 994 3955; x_wconf 87' lang='lat' dir='ltr'><strong>primo</strong></span> <span class='ocrx_word' id='word_1_196' title='bbox 1019 3874 1132 3936; x_wconf 89' lang='lat' dir='ltr'><strong>citatus</strong></span> <span class='ocrx_word' id='word_1_197' title='bbox 1161 3892 1226 3935; x_wconf 91' lang='lat' dir='ltr'><strong>non</strong></span> <span class='ocrx_word' id='word_1_198' title='bbox 1250 3872 1440 3954; x_wconf 90' lang='lat' dir='ltr'><strong>comparuit.</strong></span> 
     </span>
    </p>

    <p class='ocr_par' dir='ltr' id='par_1_18' title="bbox 224 3978 1486 4167">
     <span class='ocr_line' id='line_1_31' title="bbox 328 3978 1486 4061; baseline 0 -21"><span class='ocrx_word' id='word_1_199' title='bbox 328 3979 404 4041; x_wconf 91' lang='lat' dir='ltr'><strong>ltem</strong></span> <span class='ocrx_word' id='word_1_200' title='bbox 443 3980 639 4042; x_wconf 81' lang='lat' dir='ltr'><strong>Laurentius</strong></span> <span class='ocrx_word' id='word_1_201' title='bbox 669 3979 792 4061; x_wconf 86' lang='lat' dir='ltr'><strong>juratus</strong></span> <span class='ocrx_word' id='word_1_202' title='bbox 823 3994 933 4042; x_wconf 91' lang='lat' dir='ltr'><strong>contra</strong></span> <span class='ocrx_word' id='word_1_203' title='bbox 965 3980 1164 4043; x_wconf 88' lang='lat' dir='ltr'><strong>Perthlinum</strong></span> <span class='ocrx_word' id='word_1_204' title='bbox 1197 3978 1339 4041; x_wconf 89' lang='lat' dir='ltr'><strong>secundo</strong></span> <span class='ocrx_word' id='word_1_205' title='bbox 1372 3979 1486 4041; x_wconf 86' lang='lat' dir='ltr'><strong>citatus</strong></span> 
     </span>
     <span class='ocr_line' id='line_1_32' title="bbox 224 4086 501 4167; baseline 0.007 -22"><span class='ocrx_word' id='word_1_206' title='bbox 224 4103 287 4145; x_wconf 91' lang='lat' dir='ltr'><strong>non</strong></span> <span class='ocrx_word' id='word_1_207' title='bbox 313 4086 501 4167; x_wconf 87' lang='lat' dir='ltr'><strong>comparuit.</strong></span> 
     </span>
    </p>

    <p class='ocr_par' dir='ltr' id='par_1_19' title="bbox 327 4190 1482 4274">
     <span class='ocr_line' id='line_1_33' title="bbox 327 4190 1482 4274; baseline 0.003 -24"><span class='ocrx_word' id='word_1_208' title='bbox 327 4190 403 4250; x_wconf 94' lang='lat' dir='ltr'><strong>ltem</strong></span> <span class='ocrx_word' id='word_1_209' title='bbox 430 4191 541 4252; x_wconf 87' lang='lat' dir='ltr'><strong>Petrus</strong></span> <span class='ocrx_word' id='word_1_210' title='bbox 557 4192 658 4253; x_wconf 92' lang='lat' dir='ltr'><strong>decan</strong></span> <span class='ocrx_word' id='word_1_211' title='bbox 682 4205 793 4253; x_wconf 92' lang='lat' dir='ltr'><strong>contra</strong></span> <span class='ocrx_word' id='word_1_212' title='bbox 810 4193 938 4254; x_wconf 89' lang='lat' dir='ltr'><strong>Petrum</strong></span> <span class='ocrx_word' id='word_1_213' title='bbox 957 4191 1062 4274; x_wconf 89' lang='lat' dir='ltr'><strong>primo</strong></span> <span class='ocrx_word' id='word_1_214' title='bbox 1079 4192 1192 4253; x_wconf 90' lang='lat' dir='ltr'><strong>citatus</strong></span> <span class='ocrx_word' id='word_1_215' title='bbox 1209 4211 1273 4253; x_wconf 91' lang='lat' dir='ltr'><strong>non</strong></span> <span class='ocrx_word' id='word_1_216' title='bbox 1291 4192 1482 4273; x_wconf 89' lang='lat' dir='ltr'><strong>comparuit.</strong></span> 
     </span>
    </p>

    <p class='ocr_par' dir='ltr' id='par_1_20' title="bbox 222 4296 1487 4484">
     <span class='ocr_line' id='line_1_34' title="bbox 330 4296 1487 4379; baseline 0.001 -23"><span class='ocrx_word' id='word_1_217' title='bbox 330 4296 405 4356; x_wconf 91' lang='lat' dir='ltr'><strong>ltem</strong></span> <span class='ocrx_word' id='word_1_218' title='bbox 432 4297 566 4378; x_wconf 83' lang='lat' dir='ltr'><strong>Egidius</strong></span> <span class='ocrx_word' id='word_1_219' title='bbox 589 4311 699 4359; x_wconf 89' lang='lat' dir='ltr'><strong>contra</strong></span> <span class='ocrx_word' id='word_1_220' title='bbox 723 4296 860 4359; x_wconf 88' lang='lat' dir='ltr'><strong>Paulum</strong></span> <span class='ocrx_word' id='word_1_221' title='bbox 884 4312 1027 4360; x_wconf 88' lang='lat' dir='ltr'><strong>sutorem</strong></span> <span class='ocrx_word' id='word_1_222' title='bbox 1054 4297 1159 4379; x_wconf 92' lang='lat' dir='ltr'><strong>primo</strong></span> <span class='ocrx_word' id='word_1_223' title='bbox 1189 4297 1302 4358; x_wconf 90' lang='lat' dir='ltr'><strong>citatus</strong></span> <span class='ocrx_word' id='word_1_224' title='bbox 1318 4315 1382 4358; x_wconf 92' lang='lat' dir='ltr'><strong>non</strong></span> <span class='ocrx_word' id='word_1_225' title='bbox 1399 4316 1487 4358; x_wconf 91' lang='lat' dir='ltr'><strong>com·</strong></span> 
     </span>
     <span class='ocr_line' id='line_1_35' title="bbox 222 4401 336 4484; baseline 0.018 -24"><span class='ocrx_word' id='word_1_226' title='bbox 222 4401 336 4484; x_wconf 90' lang='lat' dir='ltr'><strong>paruit.</strong></span> 
     </span>
    </p>

    <p class='ocr_par' dir='ltr' id='par_1_21' title="bbox 330 4506 1485 4589">
     <span class='ocr_line' id='line_1_36' title="bbox 330 4506 1485 4589; baseline 0.004 -23"><span class='ocrx_word' id='word_1_227' title='bbox 330 4506 407 4568; x_wconf 90' lang='lat' dir='ltr'><strong>ltem</strong></span> <span class='ocrx_word' id='word_1_228' title='bbox 422 4506 597 4588; x_wconf 81' lang='lat' dir='ltr'><strong>Gregorius</strong></span> <span class='ocrx_word' id='word_1_229' title='bbox 617 4521 727 4571; x_wconf 89' lang='lat' dir='ltr'><strong>contra</strong></span> <span class='ocrx_word' id='word_1_230' title='bbox 747 4510 849 4572; x_wconf 80' lang='lat' dir='ltr'><strong>Volelr</strong></span> <span class='ocrx_word' id='word_1_231' title='bbox 867 4508 1057 4571; x_wconf 89' lang='lat' dir='ltr'><strong>secundario</strong></span> <span class='ocrx_word' id='word_1_232' title='bbox 1075 4509 1190 4571; x_wconf 90' lang='lat' dir='ltr'><strong>citatus</strong></span> <span class='ocrx_word' id='word_1_233' title='bbox 1214 4528 1279 4570; x_wconf 91' lang='lat' dir='ltr'><strong>non</strong></span> <span class='ocrx_word' id='word_1_234' title='bbox 1298 4508 1485 4589; x_wconf 89' lang='lat' dir='ltr'><strong>comparuit.</strong></span> 
     </span>
    </p>

    <p class='ocr_par' dir='ltr' id='par_1_22' title="bbox 220 4614 1481 4803">
     <span class='ocr_line' id='line_1_37' title="bbox 327 4614 1481 4698; baseline 0 -24"><span class='ocrx_word' id='word_1_235' title='bbox 327 4614 403 4676; x_wconf 92' lang='lat' dir='ltr'><strong>ltem</strong></span> <span class='ocrx_word' id='word_1_236' title='bbox 432 4632 525 4675; x_wconf 89' lang='lat' dir='ltr'><strong>causa</strong></span> <span class='ocrx_word' id='word_1_237' title='bbox 551 4614 705 4676; x_wconf 87' lang='lat' dir='ltr'><strong>lobannis</strong></span> <span class='ocrx_word' id='word_1_238' title='bbox 728 4616 815 4698; x_wconf 89' lang='lat' dir='ltr'><strong>parvi</strong></span> <span class='ocrx_word' id='word_1_239' title='bbox 848 4629 958 4678; x_wconf 89' lang='lat' dir='ltr'><strong>contra</strong></span> <span class='ocrx_word' id='word_1_240' title='bbox 984 4618 1092 4678; x_wconf 90' lang='lat' dir='ltr'><strong>Marco</strong></span> <span class='ocrx_word' id='word_1_241' title='bbox 1118 4635 1219 4698; x_wconf 91' lang='lat' dir='ltr'><strong>usque</strong></span> <span class='ocrx_word' id='word_1_242' title='bbox 1251 4629 1325 4677; x_wconf 92' lang='lat' dir='ltr'><strong>octo</strong></span> <span class='ocrx_word' id='word_1_243' title='bbox 1350 4614 1418 4675; x_wconf 90' lang='lat' dir='ltr'><strong>dies</strong></span> <span class='ocrx_word' id='word_1_244' title='bbox 1441 4614 1481 4675; x_wconf 94' lang='lat' dir='ltr'><strong>ad</strong></span> 
     </span>
     <span class='ocr_line' id='line_1_38' title="bbox 220 4732 560 4803; baseline 0 -21"><span class='ocrx_word' id='word_1_245' title='bbox 220 4740 329 4803; x_wconf 89' lang='lat' dir='ltr'><strong>pacem</strong></span> <span class='ocrx_word' id='word_1_246' title='bbox 356 4733 402 4781; x_wconf 85' lang='lat' dir='ltr'><strong>est</strong></span> <span class='ocrx_word' id='word_1_247' title='bbox 425 4732 560 4803; x_wconf 88' lang='lat' dir='ltr'><strong>recepta.</strong></span> 
     </span>
    </p>

    <p class='ocr_par' dir='ltr' id='par_1_23' title="bbox 326 4824 1490 4910">
     <span class='ocr_line' id='line_1_39' title="bbox 326 4824 1490 4910; baseline 0 -23"><span class='ocrx_word' id='word_1_248' title='bbox 326 4826 402 4889; x_wconf 91' lang='lat' dir='ltr'><strong>ltem</strong></span> <span class='ocrx_word' id='word_1_249' title='bbox 418 4824 578 4907; x_wconf 81' lang='lat' dir='ltr'><strong>Georgius</strong></span> <span class='ocrx_word' id='word_1_250' title='bbox 592 4824 697 4889; x_wconf 92' lang='lat' dir='ltr'><strong>Guchl</strong></span> <span class='ocrx_word' id='word_1_251' title='bbox 707 4840 817 4889; x_wconf 81' lang='lat' dir='ltr'><strong>contre</strong></span> <span class='ocrx_word' id='word_1_252' title='bbox 830 4827 952 4889; x_wconf 90' lang='lat' dir='ltr'><strong>Jursich</strong></span> <span class='ocrx_word' id='word_1_253' title='bbox 967 4828 1072 4910; x_wconf 88' lang='lat' dir='ltr'><strong>primo</strong></span> <span class='ocrx_word' id='word_1_254' title='bbox 1086 4827 1200 4890; x_wconf 90' lang='lat' dir='ltr'><strong>citatus</strong></span> <span class='ocrx_word' id='word_1_255' title='bbox 1215 4847 1281 4890; x_wconf 92' lang='lat' dir='ltr'><strong>non</strong></span> <span class='ocrx_word' id='word_1_256' title='bbox 1295 4825 1490 4909; x_wconf 87' lang='lat' dir='ltr'><strong>comparuit</strong></span> 
     </span>
    </p>
   </div>
   <div class='ocr_carea' id='block_1_11' title="bbox 0 0 1754 5234">
    <p class='ocr_par' dir='ltr' id='par_1_24' title="bbox 0 0 1754 5234">
     <span class='ocr_line' id='line_1_40' title="bbox 0 0 1754 5234; baseline 0 0"><span class='ocrx_word' id='word_1_257' title='bbox 0 0 1754 5234; x_wconf 95' lang='lat' dir='ltr'><strong> </strong></span> 
     </span>
    </p>
   </div>
  </div>
 </body>
</html>
