3472 5234
586 342 673 399 Anno
693 354 785 416 1390.
809 376 853 384 -
876 355 923 401 rr.
947 344 1057 402 martii.

304 553 381 615 ltem
415 553 580 635 Myklinus
610 555 748 616 condam
781 553 886 634 judex.
950 567 959 712 Ι

304 660 382 721 Item
408 659 514 721 Remi.

304 766 381 827 ltem
404 766 566 828 lohannes
594 765 682 830 Bole.
952 795 963 1012 p
1010 766 1133 847 Lingva
1157 767 1427 831 Teutonicorum.

304 873 381 934 Item
408 872 598 935 Peterlinus.

303 977 381 1039 Item
406 977 527 1060 Voryh.

303 1297 381 1358 Item
407 1299 603 1360 laurencius
627 1298 764 1361 condam
789 1297 895 1380 judex.

303 1403 380 1464 Item
407 1404 590 1467 Anthonius
611 1405 720 1466 Renis.
1013 1405 1135 1485 Lingua
1162 1404 1360 1468 Latinorum.

304 1509 383 1571 Item
407 1509 513 1572 Chon.
952 1430 965 1650 Ι

303 1616 381 1677 Item
407 1616 550 1679 Zakaria.

305 1192 383 1253 item
410 1193 498 1253 Luka
524 1191 665 1255 Bonioli.
952 1205 966 1427 l

236 1932 239 1937 Ι
305 1845 384 1907 ltem
409 1866 465 1928 per
486 1847 625 1908 eundem
642 1847 810 1909 dominum
829 1848 1008 1909 iohannem
1027 1847 1178 1929 judicem,
1203 1845 1323 1927 juratos
1348 1859 1378 1907 et
1394 1847 1465 1906 uni-

199 1972 309 2013 versos
334 1953 419 2014 cives
443 1973 482 2014 eo
500 1953 599 2015 modo
623 1967 669 2015 est
686 1954 849 2016 decretum
874 1967 905 2016 et
928 1968 1080 2016 statutum
1096 1953 1228 2015 firmiter
1249 1951 1462 2031 observando,

200 2073 234 2120 ut
258 2060 456 2141 quicumque
481 2080 518 2120 ex
535 2060 722 2122 hominibus
743 2061 899 2122 extraneis
916 2081 1011 2143 super
1035 2059 1176 2141 aliquem
1193 2059 1295 2120 civem
1321 2076 1463 2140 pugnam

201 2166 367 2247 inceperit,
392 2180 423 2229 et
446 2166 471 2228 si
497 2166 581 2227 idem
600 2167 678 2227 civis
698 2180 805 2229 noster
823 2167 872 2228 vel
890 2167 1049 2230 habitator
1073 2180 1179 2228 nostre
1197 2165 1333 2227 civitatis
1356 2165 1461 2246 ipsum

198 2287 413 2354 pugnatorem
447 2294 542 2356 super
565 2293 598 2334 se
633 2272 846 2352 interfecerit,
878 2287 992 2335 extunc
1023 2272 1096 2334 talis
1120 2272 1197 2334 civis
1227 2270 1279 2332 vel
1303 2270 1463 2332 habitator

200 2392 308 2441 nostre
333 2380 468 2441 civitatis
493 2381 587 2441 rebus
610 2393 640 2441 et
672 2399 808 2461 persona
834 2400 897 2442 non
932 2380 1031 2462 possit
1056 2378 1208 2461 (privari),
1240 2393 1271 2439 et
1304 2378 1364 2439 hoc
1390 2377 1459 2439 ubi·

198 2505 339 2567 cumque
366 2486 396 2546 in
420 2486 582 2547 territorio
607 2486 742 2547 civitatis
766 2484 892 2547 faceret.

330 2720 427 2795 deria
458 2727 566 2794 tercia
595 2726 750 2812 proxima
779 2731 856 2812 post
884 2723 1085 2794 dominicam
1113 2723 1347 2794 Reminiscere.

738 2891 778 2948 (1.
802 2876 922 2943 martii).

303 3016 380 3078 Item
410 3016 601 3079 Dominicun
637 3016 789 3078 Plathnar
820 3030 929 3078 contra
961 3016 1080 3098 Biskup
1112 3015 1217 3098 primo
1251 3015 1365 3077 citatus
1396 3034 1464 3076 non

205 3124 396 3204 comparuit.

306 3229 382 3289 ltem
411 3229 538 3290 Endree
565 3229 621 3291 Sib
646 3243 756 3293 contra
789 3229 969 3291 iohannem
993 3242 1107 3290 octavo
1132 3228 1184 3290 die
1215 3240 1310 3289 testes
1341 3227 1466 3310 produ-

201 3355 273 3397 cere
299 3335 405 3414 debet,
429 3333 593 3397 videlicet:
620 3335 810 3418 Mosnarych
836 3336 1004 3397 Simonem
1022 3348 1053 3397 et
1077 3335 1256 3396 iohannem
1282 3332 1468 3416 pellificem.

304 3440 382 3503 ltem
408 3440 513 3502 Endre
539 3441 595 3502 Sib
620 3455 730 3503 contra
754 3441 932 3503 iohannem
962 3440 1102 3522 judicem
1126 3440 1232 3522 primo
1256 3440 1369 3502 citatus
1393 3458 1459 3500 non

198 3547 386 3629 comparuit.

303 3653 381 3715 Item
407 3653 556 3734 Magdich
581 3667 690 3716 contra
715 3653 885 3715 Nicolaum
910 3653 1010 3715 Dolas
1027 3665 1141 3714 octavo
1165 3652 1217 3714 die
1241 3651 1450 3734 respondebit

279 3871 373 3946 lesia
402 3884 500 3947 sexta
530 3877 683 3965 proxima
711 3882 790 3945 ante
818 3874 1018 3945 dominicam
1045 3873 1164 3947 letare
1192 3873 1392 3963 Jerusalem.

724 4040 785 4105 (rr.
809 4027 933 4103 martir).

307 4168 385 4230 item
419 4168 505 4231 iwan
541 4182 651 4230 contra
688 4167 862 4230 Martinum
898 4167 1058 4228 literatum
1101 4165 1207 4247 primo
1245 4165 1357 4227 citatus
1397 4184 1463 4226 non

201 4276 395 4358 comparuit.

308 4381 385 4443 Item
412 4382 480 4443 Kus
503 4395 611 4443 contra
637 4381 766 4442 Petrum
790 4379 895 4461 primo
924 4379 1037 4440 citatus
1069 4397 1133 4438 non
1159 4376 1348 4459 comparuit.

307 4487 384 4549 ltem
412 4488 522 4549 Petrus
551 4487 711 4568 gladiator
742 4498 851 4547 contra
884 4482 1099 4547 Merchicham
1131 4484 1236 4566 primo
1260 4484 1374 4545 citatus
1398 4501 1466 4544 non

200 4594 393 4676 comparuit.

307 4699 384 4763 ltem
410 4700 519 4761 Marco
549 4712 756 4782 campanator
779 4712 888 4762 contra
914 4696 1107 4780 Maheynem
1131 4697 1236 4779 primo
1261 4696 1375 4757 citatus
1400 4713 1465 4756 non

200 4807 395 4888 comparuit.
