3472 5234
606 321 690 379 Anno
713 318 803 399 1376.
829 355 868 365 -
890 336 924 397 9.
948 323 1120 396 septembris.
1452 324 1490 385 61

231 548 370 609 morum,
394 530 561 593 vinearum
585 544 617 592 et
640 533 777 593 aliorum
795 533 955 592 bonorum
973 532 1111 593 condam
1129 531 1304 614 Mychaelis
1328 532 1494 611 carnificis,

232 633 336 696 fratris
373 636 440 714 sui,
480 637 606 717 penitus
635 637 667 697 in
699 637 916 717 produccione
953 637 1081 698 testium
1114 635 1248 715 defecit,
1283 657 1360 718 ergo
1392 637 1495 720 ipsam

232 760 361 802 causam
384 740 532 823 perdidit.
560 740 646 824 lpsas
670 742 777 823 itaque
808 742 1025 824 possessiones
1048 743 1212 804 universas
1244 744 1389 826 predicto
1413 742 1492 805 Gre-

230 845 323 927 gorio
347 858 378 906 et
400 866 457 929 per
480 866 554 908 eum
579 846 644 908 suis
667 845 838 908 heredibus
854 846 1085 929 adjudicantes,
1109 846 1230 931 prefate
1255 847 1350 909 luane
1376 849 1408 910 in
1424 867 1494 930 pre-

231 952 335 1012 missis
360 965 390 1015 et
413 952 478 1013 suis
502 954 637 1035 posteris
661 966 852 1035 perpetuum
875 953 1045 1015 silencium
1069 955 1270 1036 inponentes.

336 1057 414 1120 Item
440 1059 613 1141 Stephania
637 1058 747 1120 contra
769 1060 940 1121 Nicolaum
965 1061 1197 1141 carpentarium
1223 1074 1337 1121 octavo
1362 1060 1414 1121 die
1439 1080 1495 1143 per

231 1163 410 1225 Barnabam
434 1165 632 1227 sacerdotem
650 1178 681 1227 et
696 1184 830 1226 uxorem
854 1165 987 1227 lanslini
1006 1166 1134 1226 sartoris
1158 1166 1305 1227 atestabit
1329 1185 1423 1248 super
1441 1184 1491 1244 e0‚

230 1269 316 1350 quod
335 1271 436 1351 ipsam
453 1291 533 1333 uxor
549 1272 647 1354 ipsius
665 1272 789 1333 Nicolai
814 1271 1002 1353 carpentarii
1031 1271 1177 1353 turpibus
1200 1271 1305 1332 verbis
1326 1270 1490 1333 affecisset.

335 1376 413 1438 Item
436 1397 529 1439 causa
554 1378 709 1439 Anthonii
726 1378 843 1439 sutoris
867 1390 898 1438 et
921 1376 998 1438 luan
1015 1390 1062 1438 est
1085 1396 1141 1458 per
1165 1377 1294 1438 Petrum
1320 1376 1429 1438 Kurch
1453 1376 1494 1438 ad

229 1494 301 1543 octo
325 1482 393 1543 dies
417 1496 542 1565 recepta
567 1484 606 1545 ad
630 1503 752 1566 pacem.
1330 1544 1333 1553 .

332 1588 411 1651 Item
435 1603 548 1651 octavo
574 1589 625 1650 die
642 1590 853 1651 commissarii
877 1588 1005 1651 Andree
1022 1589 1125 1651 Kozel
1148 1603 1294 1651 tenorem
1311 1589 1492 1651 testamenti

228 1693 276 1754 sui
301 1694 449 1766 exhibere
474 1694 593 1756 debent
616 1708 746 1777 propter
770 1694 889 1757 lactum
912 1693 970 1757 filii
993 1693 1150 1776 Crapech.

333 1801 410 1862 ltem
435 1801 619 1863 Anthonius
651 1815 739 1863 sutor
770 1814 884 1863 octavo
913 1801 965 1863 die
998 1814 1107 1863 contra
1133 1802 1320 1862 Markonem
1346 1799 1493 1862 atestabit

227 1924 283 1987 per
307 1905 491 1989 Philippum
518 1921 548 1968 et
571 1908 737 1968 Vrbanum
762 1922 903 1968 sutorem
928 1907 1056 1968 racione
1081 1906 1216 1968 duarum
1241 1925 1424 1988 pensarum.

333 2013 408 2074 ltem
435 2013 616 2095 Stephanus
640 2013 760 2074 Rodini
778 2027 892 2075 octavo
917 2012 970 2075 die
993 2013 1111 2094 jurabit
1129 2013 1197 2074 sola
1222 2032 1358 2094 persona
1383 2012 1416 2072 in
1440 2031 1491 2089 eo,

226 2118 315 2198 quod
339 2118 406 2199 ipse
430 2119 573 2200 quodam
603 2131 749 2202 tempore
781 2139 883 2180 unum
915 2116 1013 2179 cilum
1046 2131 1234 2198 argenteum
1260 2117 1399 2180 lohanni
1423 2116 1490 2179 filio

226 2223 391 2286 Benedicti
407 2224 598 2306 obligaverit
615 2239 645 2287 et
662 2225 800 2287 eundem
818 2245 882 2286 non
901 2224 1087 2287 redemisset
1104 2245 1160 2307 per
1183 2244 1216 2286 se
1234 2244 1292 2286 nec
1316 2244 1373 2306 per
1390 2224 1489 2286 alium

224 2349 316 2390 suum
342 2329 507 2391 hominem
533 2333 572 2393 ab
597 2332 722 2393 eodem.

330 2435 408 2497 ltem
433 2456 526 2498 causa
551 2437 649 2498 Marci
674 2450 704 2498 et
729 2436 861 2517 Georgii
886 2437 1067 2499 stacionarii
1091 2450 1138 2498 est
1161 2457 1217 2519 per
1241 2435 1385 2498 Francha
1402 2435 1486 2497 auri·

225 2530 350 2602 labrum
373 2541 414 2603 ad
438 2557 511 2604 octo
536 2542 604 2603 dies
627 2556 752 2624 recepta
777 2542 817 2603 ad
842 2562 964 2624 pacem.

330 2647 407 2710 ltem
434 2648 580 2710 Geninus
605 2663 714 2710 contra
747 2668 880 2710 uxorem
905 2648 999 2712 Mafie
1024 2664 1137 2711 octavo
1170 2650 1221 2711 die
1247 2671 1278 2711 se
1304 2663 1409 2711 sextus
1441 2649 1487 2730 ju-

224 2754 305 2815 rabit
329 2755 361 2815 in
387 2775 437 2833 e0‚
461 2755 550 2837 quod
573 2755 639 2838 ipse
656 2756 857 2838 septuaginta
882 2769 912 2817 et
935 2776 1033 2817 unam
1050 2777 1191 2818 marcam
1215 2756 1485 2818 denariorum'ab

224 2859 290 2942 ipsa
317 2880 381 2920 non
407 2862 576 2942 recepisset
600 2880 657 2922 nec
682 2862 894 2942 aliquomodo
918 2861 1090 2923 habuisset.

329 2965 408 3028 ltem
434 2966 562 3039 Gerdak
586 2981 700 3028 octavo
726 2967 778 3029 die
802 2967 920 3047 jurabit
943 2987 976 3029 se
1004 2969 1163 3030 secundus
1189 2969 1220 3029 in
1246 2989 1295 3047 e0‚
1321 2967 1408 3049 quod
1427 2966 1486 3048 ipsi

224 3072 333 3151 boves,
358 3093 440 3154 quos
465 3073 531 3155 ipse
557 3073 588 3134 in
613 3074 678 3134 suis
702 3072 847 3155 frugibus
872 3074 1055 3148 invenisset,
1080 3074 1258 3157 dampnum
1283 3074 1485 3135 intullissent.
1567 3113 1570 3117 -

329 3178 406 3240 ltem
440 3178 600 3261 Georgius
631 3194 745 3241 octavo
777 3180 828 3241 die
864 3201 896 3241 se
928 3179 1101 3242 duodecim
1131 3181 1276 3263 personis
1308 3199 1483 3261 expurgare

223 3283 318 3347 debet
342 3286 469 3346 racione
495 3283 569 3347 lorti
594 3286 712 3347 acusati
730 3305 785 3367 per
809 3285 982 3367 quemdam
1007 3286 1174 3347 hominem
1199 3288 1258 3347 sub
1286 3286 1443 3368 patibulo

326 3390 403 3452 ltem
431 3390 584 3474 Gyurgek
609 3392 781 3474 calcaripar
811 3407 924 3454 octavo
957 3392 1009 3453 die
1041 3412 1073 3453 se
1097 3393 1213 3454 tercius
1245 3406 1359 3454 contra
1391 3391 1488 3453 Vide-

221 3516 298 3557 num
321 3495 445 3558 fabrum
470 3498 587 3579 jurabit
617 3498 647 3558 in
674 3518 723 3576 e0‚
748 3498 836 3579 quod
868 3497 986 3558 Paulus
1010 3498 1069 3558 sibi
1095 3499 1125 3558 X
1158 3497 1231 3559 flor.
1255 3518 1320 3558 non
1343 3497 1489 3577 legasset,

220 3622 279 3663 nec
303 3603 405 3684 ipsam
429 3604 629 3684 legacionem
654 3605 720 3686 ipse
746 3602 905 3684 Georgius
929 3605 1123 3665 asseruisset.
1478 3616 1482 3621 ’

325 3709 403 3770 Item
428 3710 503 3791 quia
528 3729 655 3771 causam
682 3709 810 3770 Smalch
836 3723 865 3770 et
890 3709 1112 3771 Lehcumuald
1146 3709 1185 3770 ad
1210 3729 1325 3791 pacem
1350 3709 1486 3790 recepis-

219 3827 288 3875 sent
312 3829 342 3877 et
366 3836 432 3876 non
464 3815 731 3893 concordassent,
763 3815 848 3877 idem
883 3815 1104 3876 Lehcumuald
1138 3829 1247 3877 contra
1284 3815 1388 3896 ipsum
1421 3833 1485 3876 non

220 3920 306 3981 venit
330 3941 435 4002 neque
459 3921 557 3984 misit.

268 4119 366 4194 Ferit
394 4126 502 4195 tercia
529 4127 684 4213 proxima
712 4132 788 4213 post
815 4125 939 4196 testum
969 4124 1168 4196 Natiuitatis
1196 4125 1292 4195 beate
1321 4122 1425 4193 llarie

751 4249 950 4337 predictum.

716 4406 762 4479 (9.
786 4401 971 4477 septembres).

319 4539 396 4601 ltem
422 4541 554 4622 Mycena
579 4553 689 4601 contra
713 4540 853 4602 lwanam
877 4541 982 4621 primo
1014 4541 1107 4602 citata
1131 4559 1196 4602 non
1225 4541 1415 4623 comparuit.

322 4645 398 4706 ltem
424 4646 578 4707 Nicolaus
609 4647 747 4707 condam
779 4646 969 4708 castellanus
1002 4645 1041 4706 de
1067 4646 1225 4728 Lypouch
1249 4661 1280 4708 et
1305 4647 1483 4728 Gregorius

215 4763 315 4810 sartor
339 4765 448 4813 contra
481 4752 668 4833 magistrum
695 4753 831 4813 Paulum
865 4752 972 4833 primo
1007 4751 1092 4813 citati
1123 4770 1189 4813 non
1222 4767 1480 4835 comparuerunt,
