3472 5234
549 1385 697 1482 (Anno
726 1383 909 1476 Domini
938 1380 1294 1480 MCCCLXXXlll).

392 1721 471 1784 ltem
498 1734 695 1782 memoratus
727 1721 879 1783 dominus
911 1721 1076 1805 Myklinus
1099 1721 1195 1801 judex
1227 1735 1258 1783 et
1288 1721 1357 1782 eius
1388 1721 1482 1803 jurati
1514 1741 1552 1782 ac

286 1827 461 1888 consiliarii
485 1827 634 1888 universa
658 1840 772 1888 statuta
797 1840 829 1889 et
853 1827 979 1889 decreta
995 1839 1062 1889 tam
1087 1827 1120 1888 in
1145 1827 1216 1888 aliis
1240 1827 1380 1909 antiquis
1404 1826 1551 1905 cateruis,

284 1952 381 2014 quam
415 1932 517 1994 eciam
549 1932 581 1993 in
613 1933 752 2015 presenti
783 1945 910 1994 caterna
941 1933 1132 2015 conscripta,
1154 1933 1249 2014 plene
1282 1945 1313 1994 et
1336 1933 1478 1995 totaliter
1509 1931 1550 1993 ad

284 2039 449 2100 universas
472 2058 582 2101 earum
608 2039 766 2100 clausulas
789 2039 1016 2122 perpetualiter
1040 2037 1321 2103 confirmaverunt.

390 2143 468 2205 Item
492 2164 548 2226 per
579 2143 719 2206 eundem
741 2141 923 2206 'dominum
955 2144 1139 2226 Myklinum
1170 2143 1329 2223 judicem,
1362 2144 1482 2225 juratos
1513 2164 1552 2205 ac

283 2250 486 2311 consiliarios
509 2269 585 2312 suos
610 2264 657 2312 est
687 2263 841 2312 statutum
873 2265 904 2311 et
935 2250 1112 2328 decretum,
1135 2263 1171 2311 ut
1201 2250 1311 2313 nullus
1335 2249 1413 2312 civis
1436 2269 1550 2329 novus,

282 2356 371 2437 prius
403 2369 576 2437 antequam
609 2376 666 2438 per
698 2369 761 2418 tres
793 2376 895 2418 annos
926 2368 1072 2417 maneret
1096 2356 1128 2416 in
1160 2375 1220 2417 suo
1251 2355 1338 2418 civili
1362 2375 1420 2418 seu
1442 2369 1550 2418 nostra

283 2462 420 2540 civitate,
444 2463 545 2544 possit
569 2481 636 2524 esse
660 2463 871 2526 consiliarius.

388 2569 467 2630 Item
491 2587 549 2650 per
571 2568 712 2630 eundem
736 2569 906 2631 dominum
939 2570 1121 2653 Myklinum
1144 2569 1288 2649 judicem
1312 2585 1344 2633 et
1369 2568 1489 2651 juratos
1513 2589 1549 2632 ac

284 2674 485 2736 consiliarios
509 2674 577 2736 eius
601 2688 648 2736 est
668 2676 878 2737 constitutum
902 2690 933 2738 et
958 2677 1133 2754 decretum,
1158 2690 1193 2738 ut
1220 2676 1358 2758 quilibet
1389 2674 1550 2737 aurifaber

284 2781 316 2841 in
349 2793 458 2842 nostra
489 2780 615 2842 civitate
644 2780 804 2860 residens,
837 2781 932 2844 debet
955 2782 1030 2843 talia
1062 2801 1159 2864 opera
1195 2796 1344 2863 argentea
1372 2779 1476 2844 facere
1508 2780 1550 2842 ad

283 2886 490 2948 vendendum
524 2887 575 2949 vel
606 2906 822 2969 assumpmere
855 2888 897 2949 ad
929 2888 1161 2966 laborandum,
1186 2888 1219 2949 in
1253 2907 1319 2969 quo
1353 2906 1451 2969 opere
1483 2907 1549 2949 non

282 2993 354 3075 plus
377 2993 439 3054 nisi
462 2993 560 3054 tercia
581 3013 654 3076 pars
677 2993 777 3075 possit
800 3012 867 3055 esse
892 2993 931 3055 de
956 3012 1056 3076 cupro
1080 3008 1111 3055 et
1128 2992 1192 3055 due
1218 3007 1323 3076 partes
1347 2993 1386 3055 de
1411 2992 1477 3055 fino
1501 3009 1576 3055 ar·¹

282 3111 396 3180 gento;
421 3112 452 3161 et
476 3099 501 3160 si
526 3099 598 3181 quis
622 3119 659 3160 ex
684 3099 761 3181 ipsis
785 3097 954 3161 aurifabris
977 3099 1050 3182 plus
1082 3118 1180 3181 quarn
1205 3100 1337 3162 terciam
1362 3114 1484 3182 partem
1509 3099 1549 3161 de

283 3225 382 3289 cupro
407 3205 447 3267 ad
471 3225 528 3267 sua
552 3225 650 3288 opera
668 3206 847 3287 inponeret,
863 3219 941 3267 tunc
956 3206 1029 3267 talis
1052 3206 1077 3266 si
1100 3206 1132 3267 in
1149 3206 1255 3288 primo
1280 3219 1425 3288 repertus
1443 3204 1551 3284 luerit,

282 3325 358 3374 tunc
384 3325 553 3393 agravetur
577 3313 609 3373 in
633 3312 796 3393 sexaginta
822 3311 973 3390 denariis,
1004 3312 1084 3374 etsi
1111 3311 1254 3374 secundo
1287 3298 1431 3395 repertus
1455 3311 1550 3374 luerit

283 3418 315 3479 in
340 3438 403 3480 una
428 3437 536 3479 marca
560 3431 591 3479 et
614 3418 714 3480 tercio
742 3431 817 3480 tunc
850 3418 998 3480 similiter
1022 3419 1055 3479 in
1087 3438 1150 3480 una
1175 3438 1299 3497 marca;
1333 3419 1412 3481 etsi
1437 3432 1549 3500 quarta

282 3525 350 3586 viee
374 3538 451 3587 tunc
476 3525 508 3586 in
533 3525 660 3587 civitate
684 3537 792 3586 nostra
815 3523 961 3585 laborare
985 3543 1052 3586 non
1076 3525 1186 3606 possit.

500 3724 597 3798 Faria
624 3727 732 3798 tercia
759 3733 835 3815 post
864 3725 1062 3798 dominicam
1091 3726 1326 3798 Reminiscere.

791 3879 852 3955 (17.
875 3878 1052 3954 februarii).

389 4018 497 4080 Primo
531 4018 694 4080 Barnabas
724 4018 872 4080 sacerdos
904 4033 1014 4081 contra
1046 4018 1225 4100 Georgium
1257 4020 1418 4081 literatum
1443 4020 1549 4102 primo

281 4124 394 4185 citatus
418 4143 483 4186 non
508 4124 699 4205 comparuit.

386 4230 465 4292 ltem
495 4229 641 4291 Thomas
664 4229 795 4312 Dragyn
821 4242 932 4292 contra
957 4228 1135 4309 Georgium
1161 4229 1263 4292 filium
1289 4229 1418 4292 Andree
1443 4230 1548 4311 primo

281 4336 394 4397 citatus
418 4355 484 4397 non
513 4335 704 4417 comparuit.

386 4441 465 4503 ltem
488 4440 673 4503 Anthonius
689 4439 823 4524 Jursych
848 4454 959 4503 contra
977 4442 1101 4502 Lulram
1120 4441 1258 4504 condam
1284 4441 1426 4524 judicem
1442 4442 1548 4525 primo

281 4546 395 4607 citatus
419 4566 484 4608 non
510 4547 699 4628 comparuit.

387 4651 465 4713 ltem
490 4651 636 4734 Philipus
659 4651 778 4733 figulus
801 4666 912 4715 contra
935 4653 1024 4715 lwan
1049 4652 1182 4736 Gyurak
1210 4653 1313 4716 filium
1338 4654 1427 4737 Maly
1442 4654 1548 4737 primo

280 4757 395 4818 citatus
418 4776 484 4819 non
509 4757 699 4840 comparuit.
