3472 5234
570 340 656 398 Anno
678 334 770 417 1385.
793 372 837 383 -
859 352 908 399 21.
924 340 1076 416 januarii.
1396 354 1458 417 229

301 551 379 612 ltem
403 552 487 613 Rees
517 550 660 611 secundo
691 569 724 612 se
755 549 882 632 jurabit,
907 550 994 631 quod
1026 550 1094 633 ipse
1119 550 1201 610 Rees
1233 568 1290 631 per
1315 549 1460 629 quinque

195 676 297 718 annos
321 657 360 718 de
385 656 642 740 possessionibus
671 655 822 717 Peterlini
855 675 920 717 non
951 667 1075 717 tantum
1108 655 1278 737 recepisset
1302 667 1460 735 quantum

194 762 235 823 ad
260 762 389 824 easdem
414 762 627 844 expendisset.

301 869 380 930 ltem
405 869 488 930 Rees
509 868 597 930 solus
622 888 778 950 supereo
802 868 930 950 jurabit,
956 869 1044 950 quod
1068 869 1128 929 sibi
1154 868 1301 950 Peterlyn
1319 866 1460 948 quedam

195 975 353 1054 clenodia,
371 989 466 1057 caput
482 973 622 1036 ferreum
641 989 671 1036 et
687 975 749 1037 alia
769 975 945 1038 necessaria
958 995 1016 1058 pro
1033 989 1106 1037 octo
1123 975 1238 1036 marcis
1254 973 1460 1035 denariorum

194 1082 322 1164 pignori
347 1081 537 1162 obligasset3
563 1081 630 1162 ipse
657 1095 765 1143 autem
792 1080 941 1164 Peterlyn
965 1101 1078 1143 omnes
1109 1101 1219 1143 causas
1244 1080 1285 1142 ad
1309 1079 1461 1161 antiquos

195 1186 317 1268 judices
342 1187 526 1270 appellavit.

302 1294 378 1355 ltem
404 1293 544 1375 quedam
569 1293 663 1355 vinea
689 1292 843 1355 lobannis
866 1292 923 1355 filii
942 1293 1059 1355 Donati
1083 1292 1249 1355 Anthonio
1273 1291 1377 1374 jurato
1393 1289 1461 1352 filio

195 1401 294 1462 Renis
320 1420 379 1483 pro
403 1399 533 1480 triginta
560 1400 666 1463 minus
684 1399 812 1462 duobus
835 1398 999 1482 (florenis),
1023 1399 1112 1481 quod
1127 1400 1215 1462 solus
1231 1417 1297 1460 non
1321 1397 1461 1478 negavit,

195 1520 226 1569 et
250 1506 351 1568 eciam
379 1505 463 1567 idem
489 1505 677 1567 Anthonius
700 1505 833 1588 juridice
856 1506 1006 1568 obtinuit.
1031 1504 1111 1588 (sic).

303 1612 381 1674 ltem
406 1610 515 1672 relicta
540 1611 753 1674 Zrebernicha
778 1625 809 1673 et
831 1611 895 1673 lilia
920 1631 987 1691 sua,
1021 1612 1164 1692 quelibet
1198 1610 1297 1673 tercio
1321 1629 1355 1671 se
1378 1608 1461 1689 iura·

196 1720 286 1797 bunt,
310 1718 400 1799 quod
416 1718 483 1800 ipse
508 1717 540 1779 in
562 1717 755 1799 quibusdam
772 1718 1013 1782 cantaoionibus
1030 1731 1139 1781 contra
1156 1716 1350 1798 Gregorium
1368 1716 1460 1777 inno·
1496 1692 1503 1705 ’

196 1836 303 1886 centes
328 1836 442 1887 essent.

301 1929 380 1990 ltem
403 1930 545 1992 Rosman
573 1929 650 1994 feria
667 1931 763 1993 tercia
786 1949 844 2013 per
860 1929 1051 1993 Michaelem
1075 1929 1178 1992 filium
1196 1928 1357 2007 Damiani‚
1373 1927 1460 1991 lwsu

195 2035 365 2115 Wrouich‚
384 2037 541 2099 Jacobum
560 2037 620 2100 hoc
645 2038 803 2118 atestabit,
820 2037 909 2118 quod
924 2037 1028 2119 ipsum
1046 2035 1153 2098 Mathe
1171 2055 1237 2098 non
1253 2035 1460 2098 vulnerasset.

356 2275 500 2348 sabbato
530 2278 683 2365 proximo
711 2282 788 2365 post
813 2276 936 2347 festum
963 2277 1073 2347 saneti
1101 2274 1301 2346 sebastiani.

709 2443 770 2502 (21.
785 2428 949 2506 januarii).

304 2571 381 2632 ltem
408 2590 536 2632 causam
572 2571 654 2632 inter
683 2570 852 2631 dominum
884 2569 1064 2631 Johannem
1092 2567 1291 2629 sacerdotem
1323 2579 1354 2626 et
1377 2566 1461 2626 Mar·

195 2677 299 2738 tinum
325 2675 452 2738 fabrum
477 2675 677 2759 perjuratus
700 2675 884 2757 judicatam,
916 2674 1032 2736 eodem
1056 2673 1155 2734 modo
1179 2670 1416 2735 confirmamus.

307 2783 385 2844 ltem
411 2782 575 2843 universus
607 2801 716 2843 causas
747 2793 778 2843 et
809 2780 953 2862 quelibet
984 2779 1091 2854 debita
1115 2778 1167 2839 vel
1198 2776 1462 2839 conservaciones

196 2907 301 2950 rerum
328 2902 358 2949 et
383 2888 544 2948 bonorum
570 2887 721 2949 Peterlini
744 2885 847 2947 sedari
873 2898 905 2947 et
928 2885 1027 2968 sopiri
1051 2882 1195 2946 feceruut
1219 2883 1301 2943 inter
1324 2883 1408 2944 Rees
1431 2895 1462 2943 et

197 2994 336 3058 eundem
364 2994 513 3077 Peterlyn
539 2994 592 3072 ita,
611 2993 698 3075 quod
720 2992 828 3055 nullus
843 3012 939 3075 super
956 2992 1091 3054 alterum
1116 3009 1217 3071 usque
1234 3008 1319 3051 nunc
1337 2988 1462 3071 aliquid

196 3101 296 3183 possit
321 3119 456 3181 querere
488 3112 543 3161 sut
574 3100 664 3162 litem
688 3098 856 3176 suscitare3
888 3098 950 3160 hoc
973 3097 1117 3179 adjecto,
1148 3094 1235 3178 quod
1268 3095 1353 3157 idem
1378 3096 1462 3159 Rees

197 3225 299 3287 usque
322 3206 458 3268 tercium
484 3206 571 3268 diem
597 3206 742 3288 quinque
758 3225 881 3268 marcas
904 3205 1008 3267 eidem
1027 3204 1197 3287 Peterlyno
1214 3202 1338 3264 solvere
1355 3201 1461 3267 debet.
