3472 5234
637 368 725 426 Anno
748 365 839 443 1378.
866 401 905 412 -
930 381 979 443 25.
1003 370 1084 429 maii.
1439 390 1493 451 131

337 575 416 638 Item
442 595 535 637 cauas
561 576 686 638 Nicolai
716 590 747 638 et
772 576 876 638 Blasie
908 578 1053 639 mulieris
1077 593 1122 642 est
1154 598 1210 663 per
1232 579 1369 643 luanum
1395 579 1498 643 Ozur·

230 681 358 742 nichich
383 681 424 742 ad
448 698 521 743 octo
546 681 615 742 dies
638 695 764 763 recepta
788 682 829 743 ad
853 703 975 765 pacem.

336 787 415 850 ltem
440 788 590 850 Chuethlr
615 801 726 850 contra
750 788 886 850 Elenam
907 790 1011 871 primo
1037 791 1150 852 citatus
1174 810 1239 852 non
1264 791 1453 874 comparuit.

336 893 415 955 Item
433 894 595 955 Janslinus
612 893 772 956 aurifaber
788 914 845 976 per
870 896 1010 957 Brumen
1029 911 1060 959 et
1077 895 1241 958 Geninum
1266 910 1376 959 contra
1401 898 1497 959 Nico-

231 998 319 1059 laum
344 997 543 1061 aurifabrum
568 1001 718 1062 atestabit
742 999 794 1061 die
818 1015 949 1079 octavo;
975 1002 1033 1083 ipsi
1058 1016 1166 1064 autem
1189 1016 1283 1064 testes
1307 1003 1409 1087 ipsam
1426 1024 1498 1065 cau-

230 1124 298 1165 sam
323 1106 363 1166 ad
388 1125 500 1187 pacem
524 1120 723 1187 receperunt.

337 1211 414 1273 ltem
434 1213 557 1273 Mareas
582 1227 691 1274 contra
715 1213 858 1275 lwanum
883 1214 988 1295 primo
1012 1214 1126 1275 citatus
1149 1234 1215 1277 non
1240 1215 1430 1297 comparuit.

335 1319 416 1381 Item
442 1317 603 1400 Georgius
626 1334 728 1381 sartor
752 1333 861 1380 contra
892 1319 1063 1381 dominum
1088 1320 1232 1382 Francha
1257 1321 1362 1402 primo
1386 1321 1499 1383 citatus

231 1443 297 1486 non
322 1426 512 1507 comparuit.

338 1531 416 1593 Item
442 1550 536 1592 causa
560 1532 714 1612 laquilini
747 1531 901 1614 ensiparis
933 1544 964 1592 et
988 1531 1142 1592 lobannis
1166 1532 1266 1593 Pazar
1296 1544 1343 1592 est
1365 1550 1422 1613 per
1446 1532 1498 1592 Fi·

232 1636 356 1719 lippum
382 1650 413 1698 et
437 1636 640 1699 Clementem
665 1637 705 1698 ad
730 1650 803 1698 octo
829 1637 896 1698 dies
920 1650 1046 1717 recepta
1070 1638 1111 1697 ad
1135 1656 1257 1718 pacem.

337 1742 414 1803 Item
440 1742 542 1804 Cursu
566 1742 806 1804 molendinator
829 1756 943 1804 octavo
976 1742 1028 1804 die
1052 1762 1109 1824 per
1133 1743 1308 1804 Martinum
1333 1756 1497 1825 carpenta-

230 1848 333 1925 rium,
366 1848 541 1909 Matrinum
573 1847 690 1909 ruffum
723 1863 753 1910 et
784 1849 977 1931 Dyonisium
1009 1849 1157 1910 atestabit
1194 1868 1290 1930 super
1321 1868 1377 1927 eu,
1409 1850 1497 1929 quod

230 1954 335 2037 ipsum
361 1953 521 2035 Georgius
544 1955 678 2036 turpiter
702 1956 898 2016 verberasset
923 1967 953 2015 et
970 1973 1063 2015 suum
1089 1955 1257 2037 capucium
1275 1955 1498 2037 potencialiter

231 2060 410 2143 recepisset.

335 2165 413 2227 ltem
438 2166 594 2227 Martinus
618 2180 727 2228 contra
753 2167 953 2249 Stephanum
986 2166 1115 2229 fratrem
1139 2166 1254 2247 judicis
1280 2167 1422 2228 secundo
1454 2167 1498 2228 ci·

228 2283 312 2333 tatus
336 2290 402 2333 non
427 2271 617 2352 comparuit.

335 2378 413 2438 Item
440 2379 636 2439 Laurencius
660 2392 768 2440 contra
794 2380 957 2440 Andream
987 2379 1253 2461 stipendiatorem
1284 2379 1430 2440 secundo
1454 2378 1497 2439 ci-

229 2495 312 2543 tatus
337 2501 403 2543 non
428 2484 617 2565 comparuit.

336 2587 414 2650 Item
441 2587 600 2670 Georgius
624 2605 733 2651 contra
765 2590 945 2651 Johannem
978 2604 1092 2652 octavo
1117 2591 1168 2651 die
1193 2609 1249 2671 per
1281 2609 1416 2651 uxorem
1440 2589 1497 2651 Ni-

232 2693 315 2755 colai
341 2692 398 2754 lilii
423 2694 549 2756 Crisani
574 2708 605 2756 et
629 2701 756 2756 Annam
781 2697 929 2757 atestabit
945 2716 1102 2778 supereo,
1127 2695 1215 2776 quod
1241 2695 1307 2776 ipse
1335 2694 1497 2756 Johannes

230 2799 291 2860 sibi
309 2799 396 2861 LXX
420 2800 560 2861 denariis
583 2814 755 2863 teneretur.

334 2904 410 2966 ltem
429 2918 543 2966 octavo
560 2907 612 2968 die
629 2907 719 2967 Hans
743 2926 799 2987 per
816 2907 893 2967 luan
910 2920 941 2968 et
958 2907 1130 2968 Micusium
1156 2905 1349 2968 Crinchicha
1375 2906 1496 2967 dictum

228 3029 263 3070 ac
288 3010 490 3093 Scuryanech
515 3010 696 3093 (atestabit),
722 3012 810 3093 quod
836 3013 902 3093 ipse
927 3012 1017 3074 Rade
1042 3013 1205 3093 quandam
1231 3031 1416 3094 sumpmam
1440 3031 1495 3094 pe-

227 3116 321 3177 cunie
349 3118 520 3197 persolvet.

334 3224 411 3284 ltem
441 3224 588 3305 Mychael
606 3224 776 3306 Damyani‚
794 3224 937 3286 Francha
962 3240 993 3286 et
1008 3226 1166 3287 Martinus
1182 3240 1292 3287 contra
1314 3224 1496 3307 Magicham

227 3327 397 3389 mulierem
426 3330 568 3391 secundo
590 3331 675 3392 citati
697 3350 762 3391 non
787 3345 1046 3413 comparuerunt.

334 3434 411 3495 ltem
443 3456 538 3497 causa
571 3437 726 3498 Johannis
759 3437 874 3498 Lieber
907 3451 937 3499 et
969 3438 1146 3520 Mychaelis
1178 3438 1338 3520 Damyani
1371 3451 1417 3499 est
1441 3457 1497 3519 per

229 3541 418 3621 magistrum
452 3542 595 3603 Francha
621 3556 651 3603 et
683 3543 843 3604 Janchech
875 3543 1073 3605 aurifabrum
1102 3545 1142 3605 ad
1174 3559 1247 3606 octo
1278 3545 1347 3605 dies
1370 3561 1496 3628 recepta

227 3646 267 3706 ad
291 3665 414 3727 pacem.

332 3753 410 3813 ltem
435 3753 598 3814 lohannes
623 3754 738 3815 Lieber
770 3754 902 3816 domine
929 3755 1049 3817 Dicaue
1082 3756 1113 3816 in
1140 3755 1311 3836 quindenis
1335 3775 1388 3817 sex
1414 3755 1494 3834 flor„

230 3877 327 3919 unam
353 3878 492 3919 marcam
519 3874 549 3920 et
573 3861 601 3919 X
626 3860 776 3922 denarios
800 3861 963 3923 exsolvere
987 3863 1092 3924 debet.

336 3965 414 4026 Item
440 3964 594 4046 Orgouan
613 3980 720 4026 noster
741 3968 882 4028 concivis
899 3966 1061 4030 Clementi
1086 3967 1236 4029 Zirothke
1261 3987 1363 4048 usque
1380 3966 1496 4029 festum

232 4072 315 4133 beati
341 4071 497 4133 Johannis
521 4073 656 4152 baptiste
685 4092 771 4134 nunc
803 4074 947 4155 proxime
972 4087 1154 4152 venturum,
1187 4087 1316 4155 propter
1340 4094 1396 4135 sua
1428 4074 1495 4135 vul-

229 4196 304 4238 nera
329 4192 391 4239 trcs
416 4198 537 4238 marcas
562 4177 769 4239 denariorum
798 4180 962 4240 exsolvere
987 4179 1081 4240 debet
1106 4193 1137 4240 et
1161 4179 1287 4241 medico
1311 4179 1494 4241 satisfacere

229 4281 314 4364 juxta
334 4303 425 4343 suam
443 4284 686 4362 conscienciam,
704 4299 735 4344 et
759 4284 899 4362 judicem
924 4285 1019 4346 debet
1043 4285 1180 4367 placare,
1205 4283 1351 4364 alioquin
1369 4284 1495 4366 justicia

227 4389 378 4470 procedet
402 4389 579 4450 secundum
605 4391 870 4451 consvetudinem
895 4391 1040 4452 civitatis.

333 4496 411 4556 Item
437 4495 559 4576 Symon
584 4510 685 4557 sartor
717 4511 825 4558 contra
851 4496 1023 4558 Nicolaum
1048 4496 1261 4558 Zrebernicha
1294 4510 1409 4558 octavo
1442 4497 1495 4558 die

191 4585 200 4604 ”
226 4620 283 4682 per
313 4620 447 4661 uxorem
480 4602 626 4683 Vydonis
656 4616 686 4663 et
718 4602 919 4685 Mychaelem
950 4600 1104 4664 sartorem
1136 4604 1285 4664 atestabit
1316 4622 1412 4685 super
1445 4623 1494 4682 eo,

227 4707 315 4787 quod
341 4707 427 4767 idem
452 4708 605 4769 Nicolaus
629 4708 771 4788 quodam
804 4709 907 4770 noctis
939 4709 971 4770 in
996 4709 1130 4771 silencio
1161 4729 1234 4771 curu
1259 4729 1315 4771 sua
1342 4728 1440 4772 uxore
1464 4725 1496 4772 et

226 4810 290 4873 iilia
315 4832 410 4893 super
435 4813 538 4894 ipsum
565 4812 747 4891 irruissent;
772 4814 893 4875 ibidem
918 4815 1066 4904 atestabit
1090 4835 1147 4898 per
1179 4814 1392 4878 Laurencium
1418 4815 1494 4878 Gal-

1372 4909 1388 4941 R
