3472 5234
619 335 704 391 Anno
729 330 823 409 1386.
849 366 889 377 —
907 348 941 411 3.
958 331 1042 410 sulii.
1416 354 1477 417 257

322 541 399 602 Item
426 542 581 603 Martinus
607 542 700 624 Piper
724 557 833 603 contra
858 542 1038 605 Johannem
1062 544 1201 625 juratum
1225 545 1330 626 primo
1363 546 1478 607 citatus

214 667 277 708 non
303 647 494 729 comparuit.

319 753 396 815 Item
422 752 574 834 Gyurgek
599 766 709 814 contra
735 754 814 815 Bole
838 754 944 835 primo
973 756 1085 816 citatus
1109 775 1174 816 nou
1200 757 1388 839 comparuit.

319 859 398 921 Item
423 857 615 920 Benedictus
640 857 780 919 decanus
804 873 913 921 contra
937 860 1116 921 Johannem
1142 860 1280 941 juratum
1303 861 1409 943 primo
1434 863 1476 923 ci·

212 980 297 1027 tatus
321 985 385 1026 non
411 965 601 1046 comparuit.

319 1071 397 1133 Item
431 1071 563 1132 domina
596 1075 689 1131 Anna
720 1090 828 1132 socrus
859 1072 994 1153 Myhlini
1028 1072 1165 1134 condam
1197 1072 1310 1153 judicis
1334 1072 1475 1134 sedecim

214 1177 320 1239 literas
337 1176 469 1258 Georgii
490 1177 607 1238 literati
624 1195 681 1258 per
697 1176 885 1238 mandatum
903 1177 1142 1239 communitatis
1162 1179 1336 1260 assignavit
1354 1180 1475 1239 Jacobo

214 1283 299 1345 fratri
325 1285 424 1366 ipsius
450 1283 593 1364 Georgii,
625 1303 721 1364 super
744 1284 861 1364 quibus
893 1285 994 1365 ipsam
1028 1285 1248 1345 commisimus
1282 1284 1476 1365 expeditam.

319 1389 396 1450 Item
415 1389 503 1471 quod
520 1390 595 1469 quia
613 1388 744 1450 domina
762 1389 862 1450 Elena
879 1409 1010 1450 consors
1031 1389 1156 1450 Nicolai
1174 1389 1249 1450 dicti
1269 1389 1393 1451 Sarkan
1412 1389 1478 1450 filia

213 1496 362 1557 videlicet
385 1494 536 1577 Stephani
566 1493 760 1555 duodecimo
777 1515 809 1555 se
831 1495 918 1574 juxta
943 1508 1084 1556 nostram
1104 1494 1305 1574 judiciariam
1324 1494 1477 1555 commis·

214 1602 338 1662 sionem
370 1620 539 1683 supereo,
564 1599 652 1681 quod
677 1601 743 1682 ipsa
768 1620 862 1682 super
887 1600 1138 1682 interemptione
1164 1601 1291 1662 Martini
1318 1601 1473 1661 innocens

215 1706 336 1784 fuisset,
354 1706 428 1767 ideo
446 1707 547 1787 ipsam
564 1706 729 1766 dominam
747 1725 842 1788 super
858 1707 1020 1788 premissis
1044 1706 1263 1767 commisimus
1280 1705 1471 1788 expeditam.

319 1812 397 1873 Item
429 1812 591 1873 Johannes
623 1812 721 1873 Pazar
753 1824 863 1873 contra
895 1812 1057 1873 Jaklinum
1088 1811 1230 1872 secundo
1262 1812 1374 1873 citatus
1407 1832 1471 1873 non

213 1918 404 2000 comparuit.

319 2024 398 2085 Item
423 2043 517 2085 causa
535 2022 689 2083 Johannis
706 2037 817 2085 contra
842 2023 954 2105 Cygan
973 2024 1013 2084 ad
1031 2037 1180 2085 octavum
1205 2023 1290 2085 diem
1308 2025 1347 2084 ad
1366 2044 1477 2106 pacem

214 2144 260 2192 est
286 2144 421 2211 recepta.

319 2235 397 2297 Item
422 2235 568 2295 Thomas
592 2234 675 2295 filius
693 2235 812 2296 Wlkan
838 2233 868 2297 et
894 2235 1000 2296 Mathe
1018 2250 1128 2296 contra
1154 2234 1348 2315 Gregorium
1368 2236 1473 2316 primo

213 2341 300 2402 citati
326 2361 391 2402 non
416 2354 673 2422 comparuerunt.

322 2446 400 2507 Item
426 2447 597 2527 quamdam
622 2446 832 2507 statucionem
851 2465 909 2526 pro
929 2465 1066 2526 precone
1085 2446 1223 2527 recipere
1253 2445 1478 2525 adjudicarunt

213 2553 304 2613 sicuti
331 2553 432 2633 ipsam
458 2551 589 2632 quidam
615 2551 817 2612 Teutunicus
841 2565 1067 2612 conservasset.

320 2657 396 2718 Item
436 2658 589 2718 Nicolaus
623 2656 706 2717 filius
743 2655 867 2717 Odolas
903 2659 934 2716 in
971 2654 1054 2718 facto
1094 2656 1189 2716 unius
1224 2675 1328 2716 marce
1368 2669 1477 2717 contra

214 2763 378 2824 Thomam
404 2778 450 2824 est
474 2763 650 2844 expeditus.

320 2868 397 2931 Item
422 2870 540 2930 Paulus
564 2869 703 2930 condam
727 2887 823 2950 preco
848 2869 947 2930 tercio
971 2888 1003 2929 se
1028 2882 1141 2928 octavo
1172 2867 1223 2929 die
1247 2887 1342 2946 super
1366 2887 1404 2929 eo
1429 2867 1476 2948 ju·

216 2976 307 3053 rabit,
333 2975 421 3057 quod
447 2976 550 3056 ipsum
577 2976 702 3035 Mezera
730 2975 769 3035 ad
801 2974 1063 3056 compellandum
1096 2993 1209 3055 porcos
1232 2992 1308 3035 suos
1339 2993 1404 3035 non
1429 2995 1476 3035 as-

217 3082 412 3162 sumpsisset,
437 3100 541 3161 neque
559 3081 624 3162 ipse
641 3080 758 3141 Paulus
776 3081 861 3162 ipsos
877 3100 991 3162 porcos
1016 3080 1047 3141 in
1066 3080 1212 3140 similiter
1235 3078 1474 3160 proteccionem

214 3208 279 3248 non
305 3188 483 3269 recepisset.

318 3293 397 3355 Item
422 3294 566 3354 Thomas
584 3313 685 3374 usque
710 3293 890 3374 quindenas
913 3293 1132 3375 proquodam
1149 3292 1281 3353 vulnere
1307 3292 1474 3354 cuiusdam

213 3399 424 3481 stipendiarii,
449 3399 552 3460 eidem
578 3398 689 3459 decem
714 3418 835 3460 marcas
858 3399 973 3477 solvat,
996 3399 1046 3460 vel
1073 3418 1204 3459 manum
1229 3417 1319 3458 suam
1337 3397 1475 3459 debeant

214 3506 404 3568 demactare.

319 3613 396 3674 Item
429 3612 515 3673 idem
548 3611 693 3672 Thomas
726 3631 826 3692 usque
858 3610 1038 3691 quindenas
1071 3610 1156 3671 iwan
1192 3609 1362 3671 balniatori
1395 3608 1477 3669 duas

213 3737 334 3778 marcas
359 3738 416 3800 pro
441 3738 499 3779 suo
524 3719 656 3779 vulnere
680 3717 805 3777 solvere
830 3716 935 3777 debet.

320 3824 397 3884 item
423 3823 536 3906 Cygan
563 3835 673 3884 contra
699 3822 894 3904 Gregorium
926 3823 1025 3883 tercio
1053 3822 1167 3884 citatus
1197 3841 1261 3883 non
1287 3822 1477 3903 comparuit.

248 4058 345 4131 Feria
374 4063 482 4133 tercia
510 4062 665 4149 proxima
694 4067 770 4148 post
800 4061 921 4131 festum
949 4060 1125 4130 beatorum
1154 4058 1245 4129 Petri
1275 4066 1307 4128 et
1337 4057 1443 4129 Pauli.

766 4214 810 4287 (3.
826 4210 926 4288 julia).

321 4349 404 4410 Itenr
435 4350 571 4411 Selezko
607 4364 715 4411 contra
753 4350 916 4411 Andream
946 4364 1088 4411 sutorem
1125 4348 1229 4429 primo
1265 4347 1379 4407 citatus
1409 4365 1476 4406 non

215 4456 403 4536 comparuit.

321 4561 397 4622 Item
430 4561 544 4643 Jaklyn
577 4575 686 4623 contra
711 4562 894 4623 Emericum
927 4561 1031 4642 primo
1056 4560 1168 4621 citatus
1193 4578 1257 4619 non
1286 4558 1476 4638 comparuit.

319 4667 395 4727 Item
421 4685 513 4727 causa
539 4665 711 4749 Dragonya
735 4681 844 4728 contra
869 4666 1028 4727 Briccium
1049 4667 1230 4726 sellatorem
1259 4663 1299 4724 ad
1324 4677 1474 4724 octavum

215 4772 300 4832 diem
325 4772 365 4832 ad
390 4792 501 4855 pacem
526 4787 572 4833 est
595 4786 730 4853 recepta.

1337 4879 1373 4941 ¹7
