3472 5234
236 277 298 354 248
617 272 821 352 Ann01585.
847 309 887 318 -
912 290 959 336 11.
984 278 1110 350 augusti.

344 487 422 548 Item
447 505 540 548 causa
566 485 703 569 Myklini
728 485 881 547 institoris
905 499 1014 548 contra
1042 485 1204 568 piliatores
1229 487 1261 547 in
1286 485 1386 569 freiga
1411 502 1498 550 mota

235 594 276 656 ad
300 606 448 655 octavum
476 591 560 653 diem
585 591 625 653 ad
649 611 761 674 pacem
786 605 833 652 est
856 605 991 673 recepta.

342 699 421 761 Item
452 697 598 760 Andreas
628 712 729 760 sartor
761 711 871 759 contra
894 697 1036 759 Blasium
1069 711 1222 759 sartorem
1245 698 1352 780 primo
1384 699 1498 761 citatus

235 825 300 868 non
326 805 517 885 comparuit.

341 911 419 982 Item
443 930 536 972 causa
555 909 686 991 Georgii
713 909 815 971 Sidou
835 923 943 971 contra
961 910 1090 971 Petrum
1114 909 1155 970 ad
1179 922 1330 972 octavum
1355 911 1441 973 diem
1459 911 1499 972 ad

234 1037 345 1101 pacem
371 1031 418 1079 est
442 1030 578 1098 recepta.

341 1122 419 1184 Item
445 1141 538 1183 causa
563 1119 719 1182 Anthonii
744 1120 859 1182 literati
892 1133 1002 1182 contra
1026 1120 1205 1182 Iohannem
1238 1121 1356 1183 Donati
1381 1122 1422 1183 ad
1445 1142 1498 1184 oc·

234 1241 343 1290 tavum
368 1228 454 1288 diem
478 1226 518 1289 ad
542 1246 654 1309 pacem
679 1240 726 1288 est
750 1239 886 1309 recepta.

340 1333 419 1396 Item
432 1354 527 1395 causa
552 1332 664 1416 Cygan
690 1345 799 1394 contra
824 1330 1005 1393 Iohannem
1030 1331 1149 1393 Donati
1173 1332 1213 1394 ad
1236 1347 1387 1395 octavum
1412 1333 1499 1396 diem

236 1439 276 1501 ad
300 1459 412 1522 pacem
437 1452 485 1501 est
507 1451 689 1520 prorogata.

342 1545 420 1606 Item
439 1565 532 1606 causa
557 1545 625 1605 Kus
647 1557 757 1605 contra
782 1542 960 1623 Georgium
980 1541 1020 1604 ad
1045 1557 1195 1605 octavum
1219 1543 1306 1604 diem
1329 1543 1369 1604 ad
1386 1563 1499 1625 pacem

237 1663 284 1713 est
305 1664 487 1734 prorogata.

341 1757 420 1818 Item
445 1775 562 1838 parvus
585 1755 683 1838 Elyas
699 1754 831 1815 domine
856 1754 996 1816 consorti
1013 1754 1103 1814 Pauli
1129 1755 1259 1836 pictoris
1285 1773 1388 1836 usque
1405 1756 1500 1837 quin·

235 1862 333 1924 denas
357 1861 436 1923 duas
460 1881 573 1943 pensas
598 1873 630 1921 et
652 1860 734 1921 duos
759 1859 907 1921 denarios
930 1861 1043 1922 solvet.

338 1967 415 2028 Item
429 1966 566 2027 Iacobus
579 1963 708 2048 pellifex
722 1979 831 2027 contra
846 1965 932 2047 Span
945 1965 1086 2026 secundo
1100 1965 1213 2027 citatus
1225 1984 1291 2027 non
1307 1968 1498 2049 comparuit.

341 2072 419 2134 Item
444 2091 575 2133 consors
597 2071 753 2132 Iohannis
773 2070 918 2152 pellificis
942 2090 999 2152 per
1016 2070 1170 2132 Mathiam
1194 2071 1331 2132 condam
1357 2071 1499 2152 juratum

235 2193 266 2241 et
290 2193 471 2241 consortem
496 2178 620 2240 Herrici
644 2175 791 2259 pellificis
820 2190 933 2238 octavo
965 2177 1016 2237 die
1041 2176 1102 2237 hoc
1134 2177 1292 2256 atestabit‚
1319 2177 1407 2259 quod
1431 2177 1499 2241 filia

234 2285 363 2367 Reynar
387 2285 593 2347 medietatem
618 2286 778 2346 bonorum
798 2303 930 2345 suorum
955 2284 1015 2345 sibi
1041 2282 1187 2364 legasset.

340 2392 419 2454 Item
442 2391 605 2474 Scornych
630 2410 702 2452 cum
728 2389 822 2452 fratre
846 2410 905 2452 suo
929 2403 1038 2451 contra
1055 2389 1211 2472 Zelryrich
1235 2403 1349 2451 octavo
1373 2390 1427 2453 die
1450 2411 1498 2453 re·

236 2496 418 2578 spondebit.

338 2601 417 2665 Item
441 2622 534 2663 causa
552 2603 665 2663 Turlro
689 2616 798 2663 contra
824 2601 960 2662 Paulum
977 2601 1017 2662 ad
1042 2613 1191 2662 octavum
1216 2600 1302 2662 diem
1327 2601 1367 2662 ad
1385 2622 1497 2684 pacem

235 2721 281 2769 est
304 2722 441 2789 recepta.

268 2814 270 2819 ⁴
338 2813 417 2876 Item
447 2834 540 2876 causa
572 2814 679 2876 Endre
713 2814 778 2897 Syb
810 2828 919 2876 contra
952 2813 1059 2876 Mathe
1090 2813 1131 2874 ad
1163 2827 1312 2876 octavum
1338 2814 1424 2875 diem
1457 2815 1497 2877 ad

235 2939 347 3002 pacem
372 2935 417 2981 est
439 2935 574 3002 recepta.

341 3026 418 3088 Item
436 3047 529 3088 causa
555 3026 691 3108 Myklini
716 3026 852 3087 condam
870 3025 985 3106 judicis
1001 3040 1111 3087 contra
1136 3027 1263 3087 Mezera
1287 3025 1328 3086 ad
1347 3041 1496 3089 octavum

236 3131 323 3193 diem
346 3132 385 3192 ad
410 3151 521 3214 pacem
547 3146 593 3194 est
617 3145 754 3213 recepta.

343 3238 421 3299 Item
446 3258 576 3299 consors
593 3238 715 3299 Mareni
734 3238 832 3299 Lucia
851 3252 962 3299 vocata
978 3238 1118 3298 secunda
1142 3258 1174 3298 se
1192 3252 1306 3299 octavo
1331 3237 1383 3299 die
1400 3258 1498 3321 super

234 3363 273 3404 eo
297 3344 423 3424 jurabit,
448 3344 535 3424 quod
561 3345 662 3425 ipsam
687 3343 855 3425 Philippus
879 3343 968 3405 faber
991 3344 1204 3424 percussisset.

341 3449 419 3511 Item
445 3451 527 3510 Ilees
551 3463 660 3511 contra
686 3448 863 3529 Georgium
887 3449 1124 3511 stachunarium
1155 3450 1260 3531 primo
1291 3451 1406 3511 citatus
1431 3470 1496 3512 non

234 3557 423 3636 mmmmm

340 3661 417 3722 Item
443 3661 589 3722 Thomas
613 3660 752 3722 decanus
784 3675 893 3723 contra
925 3661 1125 3722 Anthonium
1158 3660 1296 3740 juratum
1323 3663 1429 3744 primo
1454 3663 1497 3723 ci·

232 3766 288 3827 tati
314 3786 378 3828 non
408 3767 596 3847 comparuit.

338 3871 416 3934 Item
442 3873 545 3933 Lucas
575 3885 684 3933 contra
718 3872 920 3954 Mychaelem
953 3872 1191 3933 stachunarium
1224 3887 1339 3934 octavo
1366 3873 1417 3936 die
1450 3894 1497 3936 re·

233 3978 415 4059 spondebit.

339 4085 415 4146 Item
438 4083 586 4166 Mychael
603 4082 692 4145 faber
708 4098 819 4146 contra
838 4083 1039 4167 Mychaelem
1058 4084 1197 4146 eundem
1222 4085 1364 4146 secundo
1384 4086 1498 4146 citatus

236 4210 301 4251 non
326 4191 515 4272 comparuit.

341 4296 419 4357 Item
445 4296 612 4357 Ladislaus
637 4296 740 4357 Tular
764 4311 873 4358 contra
898 4297 1014 4378 Mykus
1032 4296 1173 4357 secundo
1191 4297 1304 4357 citatus
1321 4318 1386 4359 non
1412 4317 1497 4359 com·

235 4402 350 4483 paruit.

341 4507 417 4568 Item
445 4507 605 4568 Iohannes
631 4509 743 4570 Bozou
769 4523 877 4570 contra
903 4508 1089 4590 Philippum
1106 4522 1263 4570 sartorem
1287 4510 1431 4570 secundo
1455 4510 1497 4571 ci-

235 4624 320 4673 tatus
344 4632 408 4674 non
435 4614 625 4695 comparuit.

231 4792 234 4797 ῃ
340 4716 420 4780 Item
436 4719 552 4781 Valesa
576 4732 686 4781 contra
705 4719 868 4782 Mezeram
885 4739 1072 4801 comparere
1089 4718 1211 4780 debens
1228 4740 1292 4781 non
1307 4721 1497 4803 comparuit.
