3472 5234
597 384 797 465 Ann01387.
822 423 863 432 -
887 403 938 449 22.
963 388 1132 448 novembris.
1443 385 1499 446 281

1013 493 1066 499 --
1072 494 1098 499 --
1103 492 1360 499 —n--.---—-..
1388 493 1505 498 *-

278 605 1467 700 ImammmfflmpmstmmmmMmmmmmm.

738 761 802 844 (15.
826 760 1012 842 novcmbris).

348 903 426 966 Item
451 903 619 987 Gyaninus
648 904 718 966 Bon
747 917 856 966 contra
882 903 1001 964 Lucam
1020 901 1194 964 Boniolum
1220 902 1251 963 in
1277 900 1361 963 Iacto
1377 902 1506 982 triginta

241 1010 340 1071 unius
363 1029 542 1072 marcarum
567 1010 773 1072 denariorum
805 1007 1062 1070 Zarachinalium
1095 1007 1314 1089 expeditorem
1345 1007 1385 1069 de
1409 1027 1507 1069 manu

241 1117 355 1199 scripta
380 1117 523 1199 episcopi
550 1117 636 1178 Luce
660 1130 774 1178 octavo
799 1115 851 1177 die
876 1115 1025 1178 exhibere
1049 1114 1155 1177 debet.

348 1221 425 1283 Item
452 1221 484 1283 in
509 1220 592 1284 facto
617 1221 783 1284 cuiusdam
813 1221 911 1283 debiti
946 1240 1011 1303 quo
1036 1219 1205 1304 Gyaninus
1229 1211 1302 1281 Bou'
1325 1219 1507 1282 JakomeIIo

245 1328 358 1411 Kyrini
383 1328 510 1391 debitor
533 1342 625 1406 esset,
648 1348 681 1391 se
712 1328 752 1390 ad
774 1329 879 1412 ipsum
911 1327 1115 1390 JaIromeIum
1146 1325 1320 1404 commisit,
1355 1326 1505 1408 quitquid

242 1434 329 1496 idem
355 1434 524 1496 JakomeIo
549 1434 644 1514 dicet,
669 1433 730 1496 hoc
755 1435 822 1518 ipse
845 1433 1014 1517 Gyaninus
1037 1433 1161 1495 solvere
1186 1432 1292 1495 debet.

348 1540 427 1602 Item
451 1546 578 1622 Agnesa
603 1541 719 1602 muIier
751 1554 860 1603 contra
885 1540 1040 1602 Dicauam
1066 1539 1171 1622 primo
1204 1539 1298 1601 citata
1330 1559 1395 1601 non
1420 1559 1507 1602 com·

241 1647 356 1728 paruit.

347 1751 425 1814 Item
444 1751 603 1834 Georgius
627 1752 844 1836 carpentarius
868 1764 977 1815 contra
1000 1751 1163 1814 Thomam
1189 1753 1293 1836 primo
1310 1753 1424 1816 citatus
1440 1773 1506 1816 non

243 1859 434 1941 comparuit.

348 1964 427 2026 Item
451 1966 515 2025 Res
539 1978 648 2026 contra
673 1964 842 2027 Herricum
877 1964 981 2047 primo
1003 1964 1116 2026 citatus
1139 1983 1203 2026 non
1229 1965 1418 2047 comparuit.

347 2069 425 2131 Item
451 2090 544 2132 causa
572 2071 693 2133 Vrbani
726 2084 834 2132 contra
866 2070 1010 2132 BIasium
1042 2069 1083 2132 ad
1116 2083 1189 2132 octo
1225 2070 1292 2133 dies
1323 2070 1363 2133 ad
1395 2090 1507 2154 pacem

243 2189 289 2236 est
313 2189 450 2259 recepta.

349 2282 426 2344 Item
453 2284 562 2345 Marco
580 2282 819 2345 molendinator
841 2296 951 2344 contra
968 2282 1150 2345 Iohannem
1174 2283 1280 2366 primo
1304 2282 1418 2345 citatus
1441 2302 1507 2344 non

243 2389 433 2472 comparuit.

349 2495 427 2556 Item
452 2495 614 2557 Iohannes
638 2494 796 2557 Praudich
819 2514 875 2577 per
892 2494 1074 2557 Dionisium
1092 2510 1233 2557 sutorem
1251 2509 1282 2557 et
1299 2494 1506 2556 Bachkonem

245 2614 359 2664 octavo
383 2601 435 2664 die
453 2601 514 2662 hoc
531 2601 689 2679 atestabit,
708 2600 796 2681 quod
814 2601 880 2683 ipse
894 2600 1051 2682 quosdam
1070 2601 1151 2663 duos
1168 2602 1270 2662 boves
1282 2613 1507 2683 comparasset.

350 2708 427 2769 Item
454 2707 615 2769 Iohannes
647 2705 730 2769 filius
754 2707 864 2769 Jacobi
897 2707 1040 2768 secundo
1064 2727 1097 2769 se
1130 2720 1245 2769 octavo
1270 2706 1322 2769 dIe
1346 2727 1504 2790 supereo

243 2813 370 2892 jurabit,
394 2813 483 2895 quod
509 2832 573 2874 non
599 2812 773 2891 compluris
796 2813 932 2895 pecunia
968 2813 1027 2875 nisi
1053 2832 1125 2875 cum
1149 2812 1320 2875 duodecim
1345 2812 1416 2879 flor.
1439 2813 1507 2875 auri

244 2920 370 2981 debitor
400 2920 612 2996 remansisset,
637 2933 667 2980 et
692 2919 789 2981 iidem
814 2919 925 2982 decem
950 2919 1019 2982 flor.
1044 2919 1106 2981 sint
1134 2919 1166 2981 in
1199 2932 1401 2999 testamento,
1425 2939 1508 3001 quos

247 3027 356 3088 Marco
380 3024 465 3087 filius
489 3025 615 3087 Mikech
640 3025 700 3087 sibi
725 3026 903 3091 relaxasset.

361 3260 1386 3355 Immmmfflmmmmmmmdmwn

734 3421 796 3496 (22.
823 3421 1006 3495 novembro).

351 3562 428 3624 Item
458 3560 626 3643 Gyaninus
644 3561 713 3622 Bon
738 3573 851 3622 octavo
876 3560 928 3622 die
952 3580 1103 3644 supereo
1128 3560 1245 3641 jurabit
1268 3560 1356 3642 quod
1382 3561 1449 3644 Ipse
1467 3561 1507 3623 ad

244 3668 398 3751 quasdam
417 3667 500 3750 (res),
518 3687 597 3749 quas
614 3668 673 3729 sibi
694 3667 846 3729 dominus
864 3668 949 3729 Luca
964 3667 1095 3730 dederat
1112 3687 1169 3751 pro
1186 3668 1304 3750 precio,
1322 3668 1363 3728 ad
1383 3687 1506 3750 repara·

243 3776 372 3837 cionem
396 3774 585 3837 eorumdem
610 3774 807 3836 domorum.
827 3820 885 3837 ...
918 3773 1057 3836 florenos
1081 3774 1149 3836 auri
1181 3774 1288 3835 minus
1312 3773 1442 3836 duobus
1466 3773 1506 3835 ad

244 3882 457 3963 reparandum
483 3881 671 3943 eorumdem
697 3880 870 3942 domorum
894 3881 1104 3963 expendisset.

351 3987 429 4049 Item
454 3987 606 4049 dominus
639 3987 724 4049 Luca
756 4001 870 4049 octavo
894 3987 948 4050 die
978 4007 1072 4070 super
1104 4007 1143 4049 eo
1176 3987 1304 4068 jurabit,
1329 3987 1416 4069 quod
1442 3987 1507 4069 ipse

244 4093 357 4172 viginti
383 4113 505 4155 marcas
529 4093 736 4156 denariorum
769 4092 1049 4156 Scarachenalium
1085 4092 1125 4155 ad
1159 4093 1321 4174 quandam
1340 4092 1507 4162 ¹racionem

244 4200 476 4282 assumpsisset.

352 4306 429 4367 Item
463 4304 632 4388 Gyamnus
663 4306 732 4367 Bon
768 4325 869 4386 usque
899 4305 1078 4387 quindenas
1110 4305 1244 4367 domino
1278 4306 1364 4368 Luce
1389 4325 1507 4368 novem

245 4411 313 4473 flor.
330 4413 409 4489 auri,
434 4425 562 4474 centum
577 4412 724 4474 denarios
748 4425 779 4474 et
801 4433 855 4474 sex
872 4432 993 4474 marcas
1018 4412 1222 4474 denariorum
1242 4412 1507 4475 ZarachenaIium

246 4518 371 4580 solvere
400 4519 505 4580 debet.

351 4625 429 4687 Item
454 4624 534 4686 KeIe
559 4638 669 4686 contra
693 4626 832 4687 Iwanam
857 4624 961 4707 primo
986 4625 1099 4688 citatus
1123 4644 1188 4687 non
1213 4625 1401 4707 comparuit.

351 4731 429 4793 Item
469 4730 662 4792 Benedictus
692 4731 793 4793 decan
825 4745 934 4793 contra
968 4732 1111 4793 Kusman
1143 4732 1249 4814 primo
1282 4731 1395 4796 citatus
1441 4750 1506 4793 nou

245 4838 435 4921 comparuit.
