3472 5234
621 370 708 428 Anno
730 365 821 445 1385.
849 401 889 411 -
912 382 943 445 4.
967 367 1140 441 septembris.

365 579 442 642 Item
478 578 658 662 Stephanus
688 579 830 641 salivena
865 590 975 640 contra
1012 577 1141 639 Petrum
1175 576 1279 658 prImo
1311 576 1424 637 citatus
1455 595 1520 636 non

256 686 445 769 comparuit.

363 793 441 854 Item
465 792 577 853 Petrus
601 791 633 852 in
659 790 758 852 domo
779 789 1006 873 Wlkouoyech
1039 790 1182 851 residens
1213 809 1313 871 usque
1338 787 1519 871 quindenas

258 899 372 961 Paulas
396 897 475 959 duas
499 916 622 958 marcas
644 897 767 958 solvere
793 896 898 958 debet.

360 1004 439 1066 Item
474 1002 563 1085 quod
598 1003 674 1085 quia
710 1001 903 1064 Benedictus
937 1002 1117 1064 Mosnarich
1157 1015 1266 1063 contra
1297 1001 1381 1062 Iwan
1417 999 1519 1062 filiurn

255 1109 384 1171 Andree
408 1128 503 1170 suum
520 1107 735 1189 juramentum
760 1121 854 1190 prout
871 1106 931 1169 fuit
951 1108 1010 1169 sibi
1028 1107 1246 1189 adjudicatum
1270 1126 1334 1169 non
1360 1106 1519 1189 deposuit,

256 1217 330 1279 ideo
354 1235 481 1278 causam
506 1235 596 1277 suam
621 1214 772 1298 perdidit.
1500 1224 1506 1236 '

363 1323 440 1386 Item
464 1342 558 1384 causa
574 1322 658 1383 Petri
684 1335 792 1384 contra
810 1320 991 1383 Iohannem
1015 1321 1054 1382 ad
1073 1334 1222 1383 octavum
1239 1320 1325 1383 diem
1350 1320 1390 1382 ad
1407 1339 1519 1403 pacem

257 1444 304 1493 est
327 1444 464 1512 recepta.

361 1536 439 1598 Item
456 1534 575 1597 Paulus
591 1533 675 1596 filius
700 1532 874 1596 Charaneri
893 1532 1051 1614 Gregorio
1068 1532 1135 1595 filio
1157 1532 1355 1596 Chudauech
1372 1533 1517 1614 quiaque

256 1661 378 1704 marcas
401 1661 460 1725 pro
484 1641 615 1703 vulnere
639 1660 698 1702 suo
715 1659 816 1721 usque
841 1638 1020 1720 quindenas
1043 1639 1168 1701 solvere
1192 1638 1299 1701 debet.

283 1876 380 1951 Feria
409 1886 506 1951 serta
544 1880 700 1967 proxima
727 1885 805 1949 ante
833 1876 956 1948 festum
985 1877 1186 1950 Nativitatis
1215 1877 1310 1948 beate
1338 1877 1492 1966 virginis.

767 2029 811 2107 (4.
827 2030 1011 2106 septembris).

363 2173 440 2234 Item
467 2170 642 2252 Gregorius
672 2169 756 2231 filius
781 2170 932 2252 Stephani
965 2182 1075 2232 contra
1101 2170 1254 2232 Mathiam
1286 2184 1440 2232 sartorem
1471 2190 1518 2233 se·

259 2278 366 2341 cundo
391 2279 503 2340 citatus
527 2296 592 2338 non
617 2277 806 2359 comparuit.

366 2384 444 2446 Item
469 2402 562 2445 causa
588 2381 772 2463 Mosnarigh
797 2396 906 2444 contra
931 2383 1033 2465 Kyrin
1058 2397 1088 2444 et
1109 2382 1286 2464 Georgium
1311 2382 1350 2445 ad
1375 2396 1523 2445 octavum

257 2492 343 2553 diem
368 2491 407 2552 ad
432 2509 543 2572 pacem
568 2501 615 2550 est
639 2502 776 2570 recepta.

363 2598 442 2659 Item
467 2595 592 2677 Agatha
615 2595 732 2656 mulier
762 2594 901 2656 secunda
925 2615 957 2656 se
990 2609 1104 2657 octavo
1137 2594 1188 2656 die
1212 2616 1370 2678 supereo
1394 2596 1522 2678 jurabit,

257 2704 346 2786 quod
372 2704 438 2786 ipsa
464 2703 549 2763 Iwan
575 2701 746 2783 HIebopek
771 2716 801 2764 et
825 2721 915 2762 suam
938 2715 1118 2763 consortem
1144 2721 1208 2763 non
1234 2703 1454 2785 vituperasset.

363 2810 440 2872 Item
467 2808 614 2891 MychaeI
638 2807 727 2870 faber
751 2821 861 2870 contra
879 2807 1014 2869 Paulum
1041 2807 1166 2869 fabrum
1192 2809 1297 2890 primo
1321 2810 1435 2871 citatus
1457 2829 1522 2871 non

258 2917 447 2998 comparuit.

363 3021 440 3082 Item
466 3021 631 3082 Emericus
648 3033 758 3081 contra
776 3019 882 3080 Endre
901 3020 966 3101 Syb
985 3020 1088 3101 primo
1110 3020 1223 3082 citatus
1240 3040 1305 3081 non
1330 3021 1522 3103 comparuit.

366 3128 442 3188 Item
468 3147 562 3188 causa
595 3127 733 3187 Brumen
767 3139 876 3186 contra
910 3127 1089 3187 Iohannem
1120 3127 1158 3188 ad
1192 3140 1340 3188 octavum
1366 3127 1451 3188 diem
1484 3126 1522 3187 ad

258 3254 371 3316 pacem
397 3247 442 3294 est
467 3246 602 3314 recepta.

366 3339 441 3400 Item
468 3339 534 3399 Juri
559 3337 699 3399 salivena
725 3337 911 3399 Carintinus
935 3338 1069 3399 Nicolao
1087 3340 1209 3400 decano
1233 3339 1332 3400 sutori
1358 3358 1415 3419 pro
1441 3339 1522 3400 vitu·

259 3446 348 3528 perio
372 3464 431 3506 suo
456 3463 557 3525 usque
581 3444 761 3524 quindenas
785 3443 864 3504 duas
889 3462 1010 3504 marcas
1034 3445 1157 3505 solvere
1182 3444 1286 3507 debet.

365 3551 442 3612 Item
468 3550 613 3611 Thomas
630 3550 668 3609 de
687 3550 758 3610 vico
775 3548 882 3611 lutoso
899 3549 1026 3631 Philipo
1044 3549 1111 3612 filio
1129 3551 1258 3632 Stepani
1283 3570 1341 3632 pto
1365 3570 1423 3612 suo
1441 3551 1523 3611 vitu·

261 3658 350 3740 perio
374 3677 430 3718 seu
447 3657 651 3737 percussione
677 3675 772 3716 unam
791 3676 929 3717 marcam
947 3676 1048 3737 usque
1070 3657 1248 3738 quindenas
1274 3659 1397 3719 solvere
1416 3657 1521 3720 debet.

364 3762 442 3823 Item
467 3781 561 3822 causa
586 3761 762 3843 Mychaelis
786 3762 843 3824 filii
870 3763 1017 3824 Damiani
1050 3779 1159 3824 contra
1192 3762 1369 3846 Georgium
1393 3783 1523 3845 carpen-

259 3867 374 3929 tarium
399 3867 439 3928 ad
464 3880 612 3928 octavum
638 3867 723 3929 diem
749 3868 787 3929 ad
813 3889 924 3951 pacem
946 3883 992 3930 est
1017 3882 1152 3952 recepta.

365 3974 442 4036 Item
480 3972 647 4056 Gyaninus
683 3975 752 4036 Bon
786 3994 886 4056 usque
922 3975 1102 4057 quindenas
1135 3976 1272 4039 Iohanni
1308 3976 1412 4057 jurato
1451 3989 1524 4039 octo

260 4101 381 4142 marcas
405 4096 437 4143 et
460 4094 588 4143 centum
613 4081 761 4144 denarios
785 4083 909 4144 solvere
934 4084 1038 4145 debet.

293 4227 301 4238 .
366 4185 442 4247 Item
460 4185 650 4247 Dominicus
666 4201 697 4249 et
716 4188 824 4249 Petrus
841 4203 954 4249 octavo
971 4187 1023 4250 die
1041 4188 1176 4269 quilibet
1193 4208 1305 4251 eorum
1322 4188 1411 4250 solus
1427 4208 1524 4269 super

261 4309 300 4352 eo
324 4289 485 4371 jurabunt,
509 4291 596 4372 quod
630 4293 689 4374 ipsi
722 4294 836 4354 Paulas
868 4314 933 4354 uno
965 4294 1088 4355 floreno
1121 4309 1151 4356 et
1175 4296 1215 4356 de
1247 4295 1336 4357 Iucro
1361 4294 1524 4357 debitores

261 4415 325 4457 non
352 4394 491 4476 suerunt,
516 4412 546 4459 et
571 4398 610 4459 de
634 4398 725 4459 lucro
750 4399 847 4461 nichil
872 4399 1063 4462 habuerunt.

368 4500 445 4562 Item
472 4502 581 4563 Bartol
605 4517 715 4564 contra
747 4504 930 4587 Bedycham
963 4506 1067 4586 primo
1099 4507 1212 4568 citatus
1243 4526 1308 4569 non
1333 4507 1523 4588 comparuit.

368 4607 446 4668 Item
471 4627 563 4670 causa
590 4609 742 4691 Stephani
767 4624 877 4672 contra
902 4610 1118 4692 Dragozlaum
1142 4611 1183 4673 ad
1206 4625 1355 4674 octavum
1380 4612 1464 4674 diem
1482 4611 1523 4673 ad

261 4730 374 4794 pacem
399 4727 446 4775 est
469 4728 605 4796 recepta.

367 4818 445 4880 Item
458 4819 700 4883 Blasiuscustos
712 4834 821 4883 contra
836 4820 1014 4904 Georgium
1023 4823 1122 4885 tercio
1135 4823 1249 4886 citatus
1258 4843 1323 4886 non
1333 4823 1521 4906 comparuit.
