3472 5234
616 310 702 366 Anno
725 304 814 384 1378.
839 342 880 350 -
903 306 934 368 6.
958 306 1074 383 aprilis.
1436 330 1495 392 ¹19

335 519 413 581 Item
450 518 612 580 Iohannes
647 518 746 580 Pazar
782 533 891 580 contra
927 518 1111 600 Dragonam
1144 520 1248 602 primo
1282 520 1395 582 citatus
1427 541 1494 583 non

232 626 423 709 comparuit.

336 731 414 792 Item
437 730 561 792 Peruen
585 742 696 792 contra
713 730 926 792 Laurencium
948 730 1053 812 primo
1077 730 1190 792 citatus
1214 750 1280 792 non
1304 732 1495 814 comparuit.

337 835 415 897 Item
452 835 620 918 Philippus
653 834 733 897 fisici
775 850 885 898 contra
917 835 1096 916 Georgium
1139 836 1246 917 primo
1280 836 1394 898 citatus
1429 856 1496 899 non

232 943 421 1024 comparuit.

337 1049 414 1110 Item
452 1048 628 1131 Dyonisius
662 1061 751 1109 sutor
784 1063 893 1110 contra
928 1048 1103 1110 Bedicham
1138 1049 1244 1131 primo
1281 1049 1395 1110 citatus
1430 1067 1497 1110 non

233 1155 423 1238 comparuit.

340 1261 417 1322 Item
440 1261 606 1322 Emericus
631 1259 720 1322 saber
743 1274 852 1323 contra
877 1262 1069 1344 Dyonisium
1097 1260 1224 1323 fabrum
1248 1262 1352 1343 primo
1384 1260 1499 1322 citatus

233 1384 299 1427 non
323 1367 513 1447 comparuit.

340 1472 416 1534 Item
442 1492 536 1534 causa
561 1473 638 1534 Iuan
662 1487 693 1535 et
710 1473 838 1535 Martini
864 1474 1053 1556 carpentarii
1071 1486 1118 1534 est
1130 1493 1186 1555 per
1210 1472 1375 1554 Filippum
1392 1473 1498 1535 Mauri

234 1578 274 1640 ad
300 1577 412 1641 leriam
438 1593 559 1641 sextam
583 1594 708 1662 recepta
734 1578 773 1640 ad
795 1598 918 1662 pacem,
941 1581 967 1641 si
991 1579 1100 1642 medio
1133 1595 1277 1660 tempore
1301 1579 1498 1640 concordare

235 1698 396 1767 poterunt,
422 1687 504 1746 bene
528 1684 672 1766 quidem,
689 1685 835 1766 alioquin
859 1686 955 1747 citare
980 1686 1110 1748 debebit
1134 1685 1285 1747 eundem.

342 1791 420 1853 Item
444 1791 596 1871 magister
620 1791 738 1852 Paulus
762 1791 909 1853 atestavit
939 1811 1013 1853 cum
1037 1790 1173 1853 luchech
1206 1790 1416 1873 carpentario,
1441 1789 1498 1870 qui

234 1898 294 1958 sibi
319 1896 430 1959 fimum
456 1897 611 1976 vendidit,
636 1912 666 1958 et
690 1895 884 1978 Gregorium
909 1898 964 1979 qui
989 1898 1093 1979 ipsum
1118 1897 1282 1959 conduxit.

338 2021 416 2083 Item
449 2021 597 2103 Mychael
630 2022 789 2104 Damyani
825 2022 972 2084 atestabit
1003 2041 1060 2103 per
1098 2022 1233 2083 Iuanutn
1269 2018 1433 2081 Korosech
1466 2032 1498 2080 et

235 2128 375 2206 Markus,
407 2126 495 2208 quod
528 2126 614 2188 idem
647 2126 723 2188 Iuan
755 2126 868 2189 fimum
900 2128 1042 2208 magistri
1074 2127 1166 2188 Pauli
1196 2127 1256 2188 sibi
1282 2124 1497 2200 vendidIsset;

234 2230 313 2294 lerIa
336 2247 423 2294 sexta
447 2252 532 2294 nunc
556 2247 689 2295 ventura
713 2235 904 2296 atestabunt.

339 2338 417 2399 Item
444 2338 553 2400 Endre
577 2351 686 2400 eontra
711 2339 789 2401 Iuan
813 2341 1048 2422 carpentarium
1073 2338 1150 2401 IerIa
1175 2353 1262 2401 sexta
1279 2337 1497 2420 respondebit.

339 2462 417 2523 Item
442 2481 535 2523 causa
555 2462 680 2524 Radeni
706 2476 736 2524 et
760 2464 885 2526 NIcolai
910 2478 956 2524 est
980 2463 1020 2524 ad
1045 2463 1157 2525 leriam
1181 2475 1302 2524 sextam
1326 2481 1382 2545 per
1406 2461 1497 2522 Mau·

233 2569 346 2630 ricium
368 2581 399 2631 et
423 2569 638 2631 laurencium
664 2568 825 2631 Gallicum
850 2583 975 2652 recepta
1000 2570 1040 2631 ad
1065 2588 1187 2651 pacem.

336 2690 413 2752 Item
447 2691 609 2754 Iohannes
640 2693 783 2755 literatus
814 2709 845 2755 et
865 2693 1072 2755 'Laurencius
1103 2706 1213 2755 contra
1244 2692 1381 2754 luanum
1411 2689 1493 2751 feria

233 2810 321 2859 sexta
345 2797 595 2880 respondebunt.

340 2904 418 2966 Item
444 2904 635 2986 Stephanus,
667 2906 791 2983 Marko,
821 2905 999 2988 Philippus,
1031 2906 1204 2983 Iohannes,
1229 2903 1336 2966 Mathe
1367 2916 1400 2966 et
1428 2906 1498 2963 An·

234 3009 325 3071 dreas
348 3024 457 3071 contra
482 3010 611 3071 Petrum
635 3009 714 3073 feria
736 3026 823 3073 sexta
847 3031 932 3073 nunc
957 3025 1089 3073 ventura
1112 3009 1363 3092 respondebunt.

340 3116 417 3177 Item
435 3116 586 3178 dominus
602 3118 748 3179 Donatus
765 3131 874 3180 contra
893 3116 1084 3200 Gregorium
1102 3132 1133 3179 et
1150 3117 1328 3199 Georgium
1352 3114 1495 3177 secundo

233 3221 346 3284 citatus
374 3242 439 3285 non
464 3223 652 3305 comparuit.

341 3328 418 3391 Item
445 3328 597 3391 Clemens
620 3343 709 3390 sutor
732 3329 811 3391 duas
835 3343 923 3392 cutes
950 3331 1085 3392 bovinas
1110 3344 1140 3391 et
1163 3349 1262 3391 unam
1286 3346 1419 3411 pensam
1442 3326 1498 3389 de-

235 3432 398 3495 nariorum
423 3433 557 3496 domiuo
583 3435 684 3496 PrIori
710 3436 809 3497 sancti
836 3436 961 3498 Nicolai
987 3436 1019 3497 in
1043 3436 1216 3518 quiadenis
1239 3435 1392 3497 exsolvet.

342 3557 420 3618 Item
446 3557 641 3620 Wlkouicha
665 3573 775 3621 contra
804 3558 999 3640 Gregorium
1024 3559 1101 3622 feria
1126 3574 1212 3622 sexta
1236 3559 1452 3642 respondebit.

341 3663 420 3725 Item
446 3663 621 3746 Gregorius
644 3679 753 3726 contra
779 3666 883 3727 Eliam
912 3687 1047 3748 parvum
1072 3666 1149 3729 feria
1172 3681 1259 3728 sexta
1280 3665 1497 3748 respondebit.

341 3770 418 3831 Item
444 3772 567 3831 Mareas
591 3785 700 3832 contra
724 3773 828 3833 Eliam
853 3773 995 3835 secundo
1027 3774 1141 3835 citatus
1164 3793 1230 3835 non
1254 3772 1443 3854 comparuit.

341 3877 418 3938 Item
444 3877 625 3960 Stephanus
642 3876 730 3939 faber
754 3892 785 3940 et
801 3879 912 3941 Petrus
926 3894 1027 3942 sartor
1044 3894 1154 3942 contra
1171 3878 1338 3941 Elizabetb
1355 3877 1497 3940 secundo

235 3995 321 4043 crtatr
345 4002 411 4043 non
437 3998 694 4064 comparuerunt.

340 4089 419 4150 Item
433 4088 579 4171 Mychael
594 4090 751 4173 Damyani
766 4104 797 4152 et
809 4090 919 4152 Petrus
932 4104 1145 4170 asseruerunt,
1158 4090 1246 4172 quod
1260 4090 1320 4172 ipsi
1333 4089 1497 4171 quendam

235 4193 346 4256 limum
371 4194 505 4256 domino
529 4195 679 4277 PhiIippo
705 4197 808 4258 Mauri
824 4197 987 4259 dedissent
1009 4211 1082 4259 ante
1106 4211 1232 4280 portam
1257 4195 1453 4258 earnilicum.

342 4319 418 4379 Item
452 4320 607 4380 Nicolaus
637 4318 722 4381 filius
753 4321 878 4383 Nicolai
910 4322 1045 4383 Nicolao
1077 4320 1239 4383 aurifabro
1269 4321 1301 4382 in
1325 4319 1499 4401 quiadenis

236 4438 374 4505 quatuor
398 4444 519 4486 marcas
543 4439 574 4487 et
598 4425 679 4487 duos
703 4427 839 4488 cubulos
871 4426 1022 4489 frumenti
1055 4428 1198 4489 exsolvet
1222 4441 1253 4488 et
1275 4440 1338 4488 tres
1362 4426 1498 4488 cubulos

235 4527 364 4611 frugum
390 4531 421 4591 In
447 4533 597 4593 novitate.

341 4636 418 4697 Item
443 4636 552 4698 Mathe
584 4651 697 4699 octavo
729 4637 780 4699 die
813 4653 922 4700 contra
954 4639 1148 4722 Dyonisium
1179 4639 1297 4720 jurabit
1325 4659 1358 4700 se
1381 4639 1498 4700 tercius

236 4739 314 4803 leria
337 4743 434 4803 tercia
459 4743 490 4804 in
515 4762 565 4822 eo,
590 4742 677 4824 quod
695 4744 762 4825 ipse
780 4744 885 4826 ipsum
903 4763 968 4805 non
985 4745 1170 4807 derobasset
1191 4759 1222 4809 et
1237 4765 1303 4807 non
1320 4744 1497 4828 spoliasset.
