3472 5234
626 267 823 343 Ann01391.
848 300 892 309 -
913 279 945 343 4.
970 267 1082 339 aprilis.
1437 286 1499 347 337

398 483 493 558 ieria
522 493 620 557 sexta
649 488 803 575 proxima
830 493 907 576 post
934 487 1057 557 festum
1086 486 1192 557 Pasce
1219 486 1355 557 domini.

761 650 824 715 (31.
847 639 970 714 martis).

344 780 421 843 ltem
446 779 605 841 Pertlinus
629 777 750 860 juratus
773 792 882 840 contra
911 778 1040 839 Petrum
1073 790 1227 838 sartorem
1252 777 1283 839 in
1309 790 1424 839 octavo
1449 778 1500 839 die

239 888 445 949 Valentinum
463 885 636 963 medicum,
653 884 834 947 Johannem
852 885 957 963 Pasar,
975 897 1070 965 prout
1086 897 1180 945 testes
1197 883 1375 966 producere
1392 883 1499 963 debet,

238 993 325 1076 quod
352 994 456 1074 ipsum
481 993 700 1073 vituperasset.

344 1099 421 1160 Item
447 1098 531 1159 idem
559 1098 669 1159 Petrus
700 1110 810 1159 contra
843 1095 947 1178 ipsum
976 1096 1154 1158 Pertlinum
1186 1097 1217 1157 in
1243 1095 1358 1158 eodem
1383 1111 1498 1158 octavo

235 1205 287 1267 die
312 1203 489 1285 Georgium
504 1204 544 1265 de
561 1202 747 1282 Rakouech‚
764 1203 968 1263 Franciscum
998 1200 1123 1263 fabrum
1148 1215 1179 1264 et
1203 1202 1383 1264 Johannem
1402 1203 1500 1264 Pazar

236 1311 384 1372 similiter
407 1310 583 1393 producere
609 1308 715 1385 debet,
739 1308 827 1390 quod
852 1307 957 1390 ipsum
982 1327 1046 1369 non
1072 1308 1288 1390 vituperasset.

344 1416 421 1478 item
448 1414 555 1477 Giuan
579 1414 723 1478 Gallicus
747 1430 856 1476 contra
881 1414 1052 1476 Nicolaum
1078 1414 1226 1475 Delasich
1251 1415 1283 1475 in
1308 1428 1421 1476 octavo
1446 1415 1498 1477 die

237 1522 455 1605 respondebit.

343 1629 421 1691 item
445 1627 615 1690 Conradus
639 1640 727 1689 sutor
751 1640 861 1688 contra
885 1626 1056 1688 Nicolaum
1083 1625 1230 1687 Delasich
1255 1626 1360 1708 primo
1386 1627 1500 1688 citatus

237 1754 302 1797 non
328 1734 517 1816 comparuit.

342 1842 419 1904 Item
445 1840 593 1902 Vrbanus
616 1853 726 1902 contra
749 1838 929 1901 Johannem
947 1838 1143 1901 Hermanich
1168 1839 1273 1921 primo
1298 1838 1412 1901 citatus
1432 1859 1498 1902 non

239 1947 427 2029 comparuit.

340 2053 418 2114 Item
444 2050 619 2133 Gregorius
644 2051 783 2112 decanus
807 2066 916 2114 contra
942 2051 1081 2113 eundem
1115 2050 1294 2112 Johannem
1320 2052 1426 2133 primo
1457 2053 1499 2114 ci·

236 2172 319 2221 tatus
342 2178 407 2220 non
433 2159 621 2240 comparuit.

342 2265 420 2325 Item
446 2264 596 2325 Miclinus
620 2264 745 2326 institor
776 2279 886 2326 contra
917 2264 1118 2326 Demetrium
1150 2265 1256 2347 primo
1288 2265 1401 2326 citatus
1432 2284 1498 2326 non

235 2371 437 2452 comparuit'

343 2476 419 2538 item
446 2477 554 2539 Marco
579 2477 664 2539 filius
689 2478 848 2540 Leonardi
866 2491 975 2540 contra
1001 2477 1199 2560 Stephanum
1224 2479 1367 2541 secundo
1386 2479 1500 2541 citatus

236 2600 300 2642 non
333 2583 522 2664 comparuit.

341 2687 417 2749 Item
444 2688 627 2750 Anthonius
651 2701 766 2750 octavo
790 2689 841 2750 die
865 2690 1007 2752 secundo
1033 2711 1065 2752 se
1082 2710 1177 2772 supet
1201 2710 1239 2752 eo
1264 2688 1367 2769 jurare
1393 2690 1499 2769 debet,

235 2806 270 2854 ut
295 2793 397 2874 ipsum
424 2794 536 2855 Petrus
564 2794 704 2855 decanus
735 2814 836 2876 usque
867 2796 1030 2876 sangvinis
1061 2795 1250 2858 effusionem
1283 2795 1498 2876 percussisset,

341 2900 419 2961 Item
444 2920 536 2961 causa
559 2900 684 2961 Nicolai
701 2901 850 2962 Delasich
875 2915 906 2963 et
922 2902 1077 2963 Johannis
1101 2902 1294 2963 Hermanich
1313 2914 1344 2962 et
1361 2901 1497 2984 Blasych

235 3025 330 3088 super
354 3005 434 3067 iacta
460 3006 647 3088 recepcione
671 3007 768 3068 trium
792 3026 951 3089 equorum
975 3027 1056 3089 quos
1073 3009 1158 3069 cives
1182 3008 1221 3068 de
1247 3007 1425 3088 Segesdino
1451 3027 1499 3068 re·

236 3125 387 3195 ceperant
411 3132 469 3194 per
493 3104 612 3186 juratos
636 3113 680 3174 sic
704 3125 750 3175 est
774 3113 966 3193 adjudicata,
997 3114 1085 3195 quod
1108 3114 1193 3175 idem
1219 3113 1371 3176 Nicolaus
1394 3126 1498 3175 totum

237 3219 413 3300 dampnum
446 3219 533 3279 solus
565 3218 700 3280 tolerare
733 3219 858 3297 debeat,
890 3219 966 3301 quia
997 3234 1127 3302 propter
1151 3221 1256 3302 ipsum
1287 3218 1416 3280 suerunt
1439 3219 1498 3302 ipsi

235 3338 298 3386 tres
321 3326 395 3406 equi
421 3325 565 3400 arestati;
601 3325 667 3405 ipse
703 3345 779 3386 vero
812 3325 964 3387 Nicolaus
997 3326 1098 3407 ipsam
1131 3345 1258 3388 causam
1285 3325 1324 3386 ad
1349 3325 1499 3407 antiquos

236 3429 357 3511 judices
382 3430 564 3512 appellavit.

305 3647 401 3721 Faria
430 3653 537 3722 tercia
566 3653 720 3740 proxima
748 3659 824 3741 post
852 3660 992 3724 octavas
1021 3652 1099 3722 festi
1129 3652 1257 3723 Pascha
1294 3652 1428 3723 domini.

761 3817 807 3901 (4.
838 3820 966 3904 aprilis).

343 3980 419 4041 Item
445 3999 538 4041 causa
565 3978 712 4060 Gregorii
745 3980 857 4042 decani
889 3993 998 4042 contra
1031 3979 1210 4040 Johannem
1236 3976 1433 4039 Hermanich
1458 3977 1498 4039 ad

236 4105 348 4167 pacem
373 4098 418 4146 est
442 4099 577 4167 recepta.

342 4191 419 4252 Item
443 4211 572 4253 consors
597 4190 751 4252 Johannis
779 4190 854 4252 dicti
880 4191 1020 4272 Zagorcz
1053 4206 1161 4254 contra
1186 4189 1366 4253 Johannem
1393 4190 1497 4271 primo

233 4296 326 4357 citata
352 4316 416 4358 non
442 4297 631 4379 comparuit.

338 4402 415 4464 Item
448 4402 595 4464 Vrbanus
627 4415 735 4464 contra
769 4401 964 4464 Hermanich
999 4402 1179 4464 Johannem
1213 4414 1328 4463 octavo
1365 4400 1416 4461 die
1450 4420 1497 4486 ref

234 4507 415 4589 spondebit.

341 4613 417 4674 Item
443 4614 625 4676 Anthonius
649 4613 770 4693 juratus
794 4626 902 4676 contra
928 4614 1063 4675 Paulum
1089 4612 1285 4675 aurifabrum
1312 4612 1417 4695 primo
1453 4611 1495 4672 ci·

233 4733 316 4780 tatus
340 4740 404 4781 non
430 4721 620 4802 comparuit.

1353 4827 1391 4868 22
