3472 5234
232 312 294 371 266
594 312 680 368 Anno
703 307 797 386 1386.
827 345 860 353 —-
888 308 937 371 16.
962 312 1131 371 novembris.
1169 367 1171 370 ,

337 524 415 584 ltem
445 541 538 584 causa
565 523 686 583 Mareni
711 536 820 584 contra
848 520 1042 602 Gregorium
1070 521 1203 583 voschar
1227 522 1267 582 ad
1292 522 1431 604 primum
1448 521 1495 602 ju·

232 630 352 691 dicium
378 643 449 711 post
473 629 646 690 adventum
673 630 795 690 Mareni
821 643 866 689 est
890 642 1070 710 prorogata.

337 735 415 796 Item
433 755 527 796 causa
552 736 635 796 Petri
661 735 750 816 longi
768 749 877 796 contra
904 733 1082 814 Georgium
1108 781 1114 793 .
1133 781 1140 794 .
1159 782 1165 795 .
1191 746 1222 795 et
1239 734 1374 794 alterum
1392 731 1493 794 Geor·

230 842 320 921 glum
346 861 448 922 usque
473 856 547 903 octo
572 842 640 902 dies
663 855 709 903 est
733 855 915 921 prorogata.

338 946 416 1008 Item
442 947 525 1007 lwan
552 946 686 1007 clericus
711 965 769 1027 pro
801 946 934 1007 vulnere
966 946 1122 1006 consortis
1144 945 1228 1006 Petri
1263 945 1368 1005 eidem
1394 964 1496 1025 usque

231 1053 411 1134 quindenas
436 1053 579 1134 quinque
602 1072 724 1113 marcas
747 1051 860 1114 solvet.

338 1160 416 1221 Item
442 1179 522 1219 uxor
546 1158 701 1219 iohannis
725 1171 839 1219 octavo
872 1156 923 1217 die
955 1157 1097 1217 secundo
1121 1177 1153 1217 se
1186 1156 1303 1235 jurabit
1327 1175 1422 1236 super
1446 1175 1495 1233 e0‚

234 1266 322 1347 quod
347 1266 448 1347 ipsam
474 1264 633 1327 lanchech
658 1265 865 1326 vulnerasset.

339 1372 417 1434 Item
441 1371 603 1433 lohannes
621 1372 765 1433 literatus
787 1386 901 1431 octavo
926 1370 977 1429 die
995 1389 1144 1450 supereo
1162 1369 1290 1449 jurabit,
1315 1368 1403 1448 quod
1420 1387 1496 1429 con·

231 1479 309 1541 sorti
334 1498 389 1539 sue
416 1477 529 1539 Gallus
553 1477 690 1538 misisset
718 1490 781 1537 tres
807 1475 875 1537 flor.
902 1477 934 1535 in
959 1495 1049 1536 auro.

379 1694 475 1768 lesia
505 1703 601 1768 sexta
629 1697 783 1785 proxima
812 1703 889 1784 post
917 1696 1040 1766 festum
1069 1697 1179 1766 sancti
1209 1694 1342 1765 Briccii.

728 1846 791 1922 (16.
816 1849 997 1922 novembris).

340 1989 417 2050 ltem
442 2002 537 2050 testes
561 2008 688 2049 causam
715 1988 862 2070 Gregorii
897 1988 1008 2048 decani
1034 2003 1143 2048 contra
1169 1986 1369 2047 Clementem
1396 1984 1495 2065 pisca·

232 2110 333 2156 torem
359 2095 397 2155 ad
423 2108 573 2155 octavum
598 2093 683 2155 diem
709 2095 748 2154 ad
774 2114 885 2175 pacem
910 2107 1108 2175 receperunt.

338 2202 416 2262 Item
441 2220 534 2261 causa
559 2199 713 2262 Iohannis
737 2200 793 2262 filii
819 2200 898 2261 Bole
923 2214 1031 2261 contra
1057 2199 1230 2260 Martinam
1257 2198 1349 2277 Piper
1373 2196 1412 2256 ad
1438 2216 1490 2257 oc·

232 2323 342 2372 tavum
375 2306 460 2367 diem
493 2321 539 2367 est
569 2321 756 2388 prorogata,
789 2306 877 2387 quod
909 2307 975 2367 sive
1007 2306 1137 2366 veniant
1168 2304 1233 2363 sive
1266 2322 1350 2380 non,
1383 2316 1490 2363 tamen

231 2414 328 2476 finem
353 2413 472 2473 debent
496 2411 598 2474 facere
623 2414 654 2473 in
680 2432 773 2473 causa
798 2411 950 2493 predicta.

337 2520 415 2581 ltem
450 2539 544 2580 causa
580 2519 710 2580 domine
747 2538 856 2580 socrus
888 2518 1042 2579 Johannis
1066 2517 1163 2578 Vasas
1195 2532 1304 2580 contra
1340 2531 1495 2598 cognatos

231 2628 333 2709 ipsius
357 2626 514 2687 iohannis
537 2640 705 2706 estusque
729 2639 802 2686 octo
828 2625 896 2686 dies
925 2639 1103 2707 prorogata,
1130 2638 1163 2685 ut
1187 2640 1261 2686 tunc
1286 2625 1495 2686 instrumenta

231 2733 400 2795 exhibeant
425 2733 492 2792 sine
517 2731 687 2793 diletione.

336 2839 414 2900 Item
439 2839 584 2920 Mathyas
605 2837 724 2917 juratus
742 2851 850 2898 contra
869 2837 1038 2897 Nicolaum
1057 2837 1160 2918 primo
1185 2837 1298 2899 citatus
1318 2857 1383 2899 non
1409 2856 1495 2897 com·

232 2946 348 3027 paruit.

337 3051 414 3111 ltem
450 3048 545 3109 Wolf
579 3064 688 3110 contra
725 3048 905 3109 iohannem
943 3049 1097 3110 Hermani
1138 3051 1241 3131 primo
1282 3051 1394 3111 citatus
1429 3068 1494 3109 non

232 3156 421 3236 comparuit.

338 3262 416 3322 ltent
441 3262 578 3321 lacobus
603 3260 728 3320 institor
760 3273 870 3319 contra
902 3259 1082 3322 lohannem
1115 3261 1257 3321 secundo
1292 3262 1404 3321 citatus
1430 3280 1494 3321 non

231 3367 421 3449 comparuit.

338 3474 414 3534 ltem
435 3473 558 3532 Blasius
575 3470 663 3532 faber
677 3485 785 3532 contra
800 3472 958 3532 Briccium
973 3473 1076 3554 primo
1094 3473 1207 3533 citatus
1223 3492 1287 3533 non
1306 3472 1495 3553 comparuit.

338 3579 414 3638 ltem
443 3577 602 3656 Georgius
629 3576 706 3656 vigit
740 3591 848 3637 contra
884 3577 1117 3657 Margaretham
1149 3579 1254 3658 primo
1284 3579 1397 3639 citatus
1428 3598 1494 3638 non

231 3685 419 3764 comparuit.

336 3787 413 3849 ltem
439 3807 531 3847 causa
564 3787 719 3848 Anthonii
753 3789 869 3849 sutoris
902 3802 1011 3849 contra
1045 3787 1238 3868 Gregorium
1273 3789 1429 3849 decanum
1454 3788 1494 3849 ad

232 3908 304 3955 octo
330 3894 397 3953 dies
421 3892 460 3952 ad
486 3912 595 3972 pacem
623 3907 669 3955 est
690 3910 825 3974 recepta.

339 3998 417 4059 ltem
443 3999 607 4058 Emericus
631 4019 765 4080 arcupar
794 4014 902 4060 contra
929 4000 1099 4060 Nicolaum
1133 4000 1289 4060 decanum
1316 4001 1419 4081 primo
1451 4000 1494 4060 ci·
1573 4041 1577 4049 ·

231 4119 313 4165 tatus
336 4123 400 4163 non
427 4104 617 4184 comparuit.

338 4208 415 4269 ltem
452 4209 537 4270 lwan
574 4210 730 4271 Wrouich
763 4225 872 4271 contra
906 4212 1107 4293 Mychaelem
1139 4212 1243 4292 primo
1282 4213 1395 4273 citatus
1427 4232 1492 4272 non

233 4328 421 4394 comparuit.

337 4418 414 4479 Item
444 4420 606 4481 lohannes
630 4420 712 4482 filius
745 4422 898 4483 Hermani
932 4436 1041 4483 contra
1065 4423 1149 4483 lwan
1179 4422 1412 4503 carpentarium
1438 4442 1493 4503 per

232 4522 371 4584 Brumcn
396 4524 592 4587 aurifabrum
616 4542 646 4588 et
669 4547 841 4607 preconem
867 4543 980 4590 octavo
1005 4529 1056 4590 die
1081 4529 1236 4591 atestabit.

336 4628 414 4691 ltem
445 4631 625 4713 Stephanus
649 4632 778 4715 sellipar
802 4650 912 4696 contra
937 4634 1086 4716 Hapazca
1115 4635 1256 4695 secundo
1288 4635 1402 4696 citatus
1426 4653 1491 4695 non

231 4737 420 4813 comparuit.
