3472 5234
642 318 728 376 Anno
751 331 843 394 1390.
868 352 910 363 -
935 331 981 396 17.
998 320 1090 393 junii.
1439 337 1500 400 329

344 529 420 591 Item
436 529 564 612 Mathey
578 544 688 590 contra
705 527 899 610 Gregorium
922 528 1077 611 voyschar
1094 527 1284 589 secundario
1301 528 1414 590 citatus
1431 549 1497 591 nou

237 636 426 718 comparuit.

344 741 423 803 Item
447 760 541 803 causa
566 740 720 823 Stephani
754 741 883 803 sartoris
914 753 1023 802 contra
1048 741 1178 802 Petrum
1211 758 1311 822 usque
1336 752 1409 801 octo
1433 739 1502 800 dies

238 846 278 908 ad
302 866 414 930 pacem
438 860 484 910 est
508 859 644 929 recepta.
1160 902 1163 907 .

343 953 421 1015 Item
446 952 559 1014 Tekch
583 965 614 1015 et
639 953 776 1015 Iacobus
800 966 910 1015 contra
935 950 1165 1014 Stachunarich
1188 951 1294 1035 primo
1318 951 1404 1014 citati
1430 971 1497 1014 non

238 1071 494 1142 comparuerunt.

342 1165 421 1227 Item
438 1185 532 1227 causa
556 1165 712 1227 Iohannis
737 1166 891 1227 Hermoni
914 1178 1024 1228 contra
1042 1165 1198 1226 Iacobum
1223 1183 1325 1246 usque
1342 1177 1415 1226 octo
1433 1164 1502 1226 dies

237 1273 277 1334 ad
302 1291 413 1354 pacem
439 1285 486 1334 est
509 1260 647 1354 recepta.

341 1378 419 1441 Item
444 1398 539 1440 causa
563 1378 653 1439 Pauli
678 1392 788 1440 contra
812 1377 935 1440 Jursich
959 1377 999 1439 ad
1024 1396 1137 1460 pacem
1160 1391 1207 1439 est
1230 1390 1367 1459 recepta.

340 1484 418 1546 Item
442 1485 631 1546 Franciscus
648 1499 756 1547 contra
782 1485 962 1546 Iohannem
985 1483 1175 1546 secundario
1190 1484 1303 1546 citatus
1319 1503 1384 1546 non
1410 1503 1498 1545 com·

237 1589 352 1670 paruit.

343 1695 419 1758 Item
445 1716 538 1759 causa
564 1697 674 1759 Jacobi
698 1711 807 1760 contra
825 1697 989 1760 Thomam
1013 1717 1115 1780 usque
1139 1710 1212 1759 octo
1236 1696 1305 1758 dies
1329 1696 1369 1758 sd
1386 1715 1498 1779 pacem

237 1816 284 1864 est
307 1817 445 1886 receptu.
1286 1866 1288 1868 ,

342 1908 421 1971 Item
446 1910 647 1991 Dragozlaus
671 1924 781 1974 contra
805 1912 869 1974 Res
892 1911 997 1992 primo
1023 1911 1136 1972 citatus
1160 1929 1225 1971 non
1250 1910 1439 1993 comparuit.

341 2016 418 2077 Item
445 2016 554 2079 Bartol
578 2037 731 2079 unacum
756 2018 896 2079 Bedicha
921 2037 1022 2099 usque
1046 2032 1119 2078 octo
1137 2017 1205 2077 dies
1229 2018 1334 2098 abque
1359 2017 1424 2079 ulla
1449 2016 1497 2078 ul·

235 2120 344 2183 teriori
368 2124 600 2204 prorogacione
625 2125 786 2186 racionem
812 2125 949 2186 interae
974 2144 1094 2206 ponere
1119 2123 1247 2186 debent.

342 2228 420 2290 Item
456 2229 540 2292 Iwan
576 2244 686 2293 contra
722 2231 921 2314 Stephanum
958 2230 1115 2313 Chaplich
1147 2231 1252 2312 primo
1284 2215 1414 2293 citatus.
1432 2248 1498 2292 non

236 2348 426 2415 comparuit.

339 2440 418 2502 Item
443 2443 550 2505 Marco
583 2442 755 2505 Blanchich
788 2457 897 2506 contra
929 2442 1123 2524 Gregorium
1154 2441 1259 2523 primo
1290 2442 1404 2505 citatus
1430 2462 1495 2504 non

235 2548 424 2629 comparuit.

340 2653 419 2716 Item
444 2654 531 2735 quod
556 2654 632 2736 quia
647 2655 784 2717 Borkam
810 2654 980 2716 mulierem
1005 2668 1099 2716 testes
1122 2655 1170 2716 sui
1194 2653 1405 2736 reliquerunt,
1424 2653 1497 2716 ideo

235 2778 363 2821 causam
388 2780 477 2821 suam
503 2773 612 2822 contra
637 2759 810 2842 Ozmonog
834 2760 983 2842 perdidit.

341 2866 417 2928 Item
443 2866 575 2949 Jursych
604 2880 717 2929 octavo
750 2867 802 2929 die
833 2867 921 2928 solus
953 2885 1047 2948 super
1071 2885 1110 2928 eo
1135 2865 1251 2946 jurabit
1276 2866 1364 2949 quod
1397 2867 1496 2927 boves

233 2972 280 3033 sui
307 2973 432 3034 nullum
457 2972 633 3055 dampnum
660 2973 775 3056 Mykch
800 2972 949 3054 Magdich
975 2972 1132 3036 fecissent.

338 3078 416 3140 Item
449 3079 594 3140 Thomas
627 3079 800 3161 Hungarus
831 3092 944 3140 octavo
977 3077 1028 3140 die
1060 3078 1148 3140 solus
1179 3097 1336 3161 supereo
1369 3077 1497 3159 jurabit,

234 3184 321 3264 quod
347 3185 413 3266 ipse
439 3185 595 3266 quosdam
623 3186 721 3248 boves
745 3185 959 3268 persolvisset.

341 3292 417 3352 Item
442 3293 534 3353 JeIko
558 3306 671 3353 octavo
704 3292 755 3352 die
786 3305 874 3354 sexto
898 3310 931 3353 se
963 3311 1058 3374 super
1082 3291 1125 3353 eo'
1145 3290 1274 3372 jurabit,
1306 3291 1393 3372 quod
1431 3291 1497 3370 ipse

235 3397 334 3458 EIene
360 3399 487 3460 mulieri
513 3399 639 3461 nullum
664 3398 785 3462 Iurtum
808 3420 864 3461 scu
889 3399 1065 3482 dampnum
1091 3398 1224 3462 iecisset.

341 3504 418 3566 Item
444 3505 673 3567 Stachunarich
690 3518 805 3568 octavo
821 3506 874 3567 die
897 3506 987 3568 solus
1010 3525 1160 3588 supereo
1177 3505 1306 3587 jurabit,
1323 3505 1412 3586 quod
1430 3505 1497 3587 ipse

233 3628 305 3670 cum
331 3611 435 3672 bobus
458 3611 524 3673 suis
548 3610 707 3693 Gregorio
733 3613 859 3677 nullum
884 3613 1061 3696 dampnum
1085 3612 1220 3676 fecisset.

268 3880 366 3955 aesta
394 3893 492 3957 sexta
520 3889 675 3974 proxima
703 3896 780 3978 post
806 3888 929 3962 testum
957 3890 1133 3961 beatorum
1162 3889 1230 3960 Viti
1260 3896 1294 3960 et
1320 3889 1459 3959 Modesti

770 4015 961 4083 martirum.

772 4178 836 4260 (17.
852 4180 961 4261 junii).

245 4352 247 4358 ·
338 4336 415 4397 Item
429 4336 547 4397 Paulus
560 4334 701 4399 Mericha
714 4351 822 4400 contra
832 4338 971 4399 Borkam
984 4339 1089 4421 primo
1103 4338 1215 4400 citatus
1228 4358 1292 4400 non
1303 4340 1493 4420 comparuit.

340 4442 417 4504 Item
442 4443 595 4529 Nicolaus
612 4456 722 4504 contra
740 4443 935 4506 Biberuarad
959 4445 1065 4526 primo
1083 4445 1196 4506 citatus
1215 4464 1281 4505 non
1305 4446 1495 4527 comparuit.

266 4536 273 4560 ¹
338 4548 416 4609 Item
436 4547 596 4630 Georgius
621 4562 731 4612 contra
755 4549 884 4633 Mathey
907 4550 1050 4613 secundo
1078 4551 1192 4612 citatus
1215 4570 1280 4612 non
1305 4553 1497 4633 comparuit.

266 4658 269 4663 '
339 4653 416 4714 Item
442 4653 618 4735 Gregorius
641 4656 770 4736 AngeII,
799 4655 999 4737 Dragozlaus
1023 4670 1053 4719 et
1076 4655 1261 4718 Anthonius
1285 4656 1422 4739 condam
1447 4656 1496 4739 ju·

234 4761 292 4822 rati
310 4774 474 4844 tamquam
491 4775 585 4825 testes
608 4781 646 4824 eo
664 4763 762 4826 modo
777 4761 1038 4843 testificaverunt,
1055 4763 1222 4847 quomodo
1236 4764 1373 4826 condam
1388 4764 1495 4827 Peter-
