3472 5234
658 332 744 388 Anno
767 326 858 407 1378.
882 364 925 373 —
948 326 978 392 6.
1003 331 1115 405 aprilis.

363 542 441 604 ltem
466 561 560 604 causa
584 542 712 624 magisti
737 541 828 603 Pauli
859 554 891 603 et
914 541 1055 625 Philippi
1088 541 1146 604 filii
1171 543 1275 605 Mauri
1299 557 1346 604 est
1369 562 1426 625 per
1451 543 1521 626 My·

256 649 401 712 chaelem
427 647 530 710 Ortoti
554 647 595 709 ad
619 662 693 710 octo
722 647 790 709 dies
813 662 939 729 recepta
963 647 1004 708 ad
1028 667 1152 730 pacem.

362 752 518 835 (Sabbato
541 754 690 836 proximo
713 767 786 815 ante
818 753 1016 815 dominicam
1047 753 1171 817 Judica.
1195 788 1238 800 -
1262 754 1370 816 Primo
1395 753 1521 836 adjudi-

255 861 399 923 cavimus
434 879 561 922 causam
594 859 726 941 Georgii
759 873 790 922 et
821 860 920 923 Marci
946 859 1087 940 Gemez,
1118 859 1207 944 quod
1242 860 1328 922 idem
1360 860 1522 942 Georgius

255 986 347 1028 suam
370 985 503 1028 uxorem
530 967 562 1027 in
587 986 644 1028 sua
667 966 767 1028 domo
797 979 973 1045 conservet,
998 967 1126 1030 vineam
1152 967 1183 1027 in
1208 966 1288 1029 duas
1311 980 1416 1048 partes
1439 966 1522 1028 divi·

257 1072 336 1134 dant
359 1086 391 1135 et
414 1072 499 1134 idem
526 1073 615 1134 Marlt
640 1072 785 1154 predicto
813 1070 957 1154 Georgio
981 1072 1014 1133 in
1038 1071 1212 1153 quindenis
1235 1085 1374 1155 quatuor
1396 1090 1519 1134 marcas

255 1192 286 1240 et
303 1191 441 1260 quatuor
460 1197 575 1261 pensas
590 1177 796 1239 denariorum
810 1190 841 1239 et
852 1177 935 1239 duos
950 1177 1085 1239 cubulos
1102 1177 1183 1239 milii
1197 1178 1348 1239 exsolvet.
1361 1179 1522 1256 Delctum.)

474 1416 620 1488 sabbato
648 1418 802 1505 proximo
831 1421 908 1486 ante
937 1415 1136 1486 dominicam
1164 1414 1299 1505 judica.

608 1584 793 1659 ddjudicacio
813 1586 941 1658 iudicum
963 1587 1156 1658 antiquorum.

784 1723 828 1805 (3.
857 1725 981 1799 aprilis).

365 1866 473 1928 Primo
505 1865 587 1927 inter
620 1863 798 1946 Georgium
831 1876 862 1926 et
894 1864 1041 1926 Markum
1074 1864 1195 1926 Gemez
1227 1879 1274 1925 est
1303 1864 1406 1946 posita
1437 1883 1521 1946 pena

254 1973 344 2034 XXV
370 1991 489 2051 marce,
521 1973 546 2032 si
578 1991 650 2053 pars
680 1984 804 2052 partem
835 1971 934 2032 verbo
957 1970 1009 2031 vel
1041 1969 1124 2032 facto
1157 1970 1346 2049 offenderet,
1378 1983 1409 2032 et
1432 1970 1520 2032 idem

255 2079 346 2139 Mark
372 2077 476 2139 eidem
504 2076 647 2158 Georgio
671 2089 809 2157 quatuor
834 2095 955 2137 marcas
971 2075 1177 2137 denariorum
1202 2075 1309 2137 minus
1332 2095 1396 2137 una
1420 2094 1519 2157 pensa

255 2197 286 2246 et
310 2183 393 2245 duos
417 2183 552 2245 cubulos
576 2181 658 2243 milii
683 2182 714 2242 in
740 2181 913 2262 quindenis
940 2181 1101 2257 exsolvet;
1134 2182 1261 2243 vineam
1285 2195 1392 2243 autem
1416 2194 1517 2244 totam

257 2289 421 2372 predictus
446 2287 606 2369 Georgius
630 2287 789 2349 laborabit
813 2302 844 2348 et
867 2290 963 2349 ambo
980 2287 1012 2348 in
1038 2286 1136 2349 domo
1160 2289 1395 2370 permanebunt
1417 2307 1519 2369 usque

255 2396 389 2457 tercium
415 2414 554 2473 annum,
578 2408 651 2476 post
676 2394 808 2455 tercium
842 2413 963 2455 annum
995 2392 1156 2475 predictus
1189 2392 1349 2476 Georgius
1373 2393 1519 2455 medium

256 2500 393 2563 fundum
420 2501 515 2563 unius
539 2513 649 2582 quarte
682 2518 754 2561 cum
785 2499 891 2561 media
923 2498 1022 2561 domo
1045 2512 1078 2561 et
1108 2501 1249 2582 pretorio
1283 2514 1313 2562 et
1336 2499 1519 2580 hedificare,

253 2627 311 2690 pro
337 2606 482 2690 predicto
508 2607 598 2668 Mark
623 2625 729 2667 emere
754 2604 894 2683 debebit,
927 2605 1017 2666 cuius
1048 2604 1145 2666 aliam
1168 2619 1290 2688 partem
1316 2606 1402 2667 idem
1428 2606 1518 2667 Mark

253 2712 342 2774 solus
366 2711 463 2773 debet
486 2729 672 2793 comparare
699 2722 730 2770 et
753 2708 935 2772 hedificare.

360 2818 438 2880 ltem
458 2817 618 2898 Georgius
634 2816 754 2897 juratus
777 2813 863 2876 lilius
879 2814 1023 2876 Herman
1041 2816 1175 2877 Nicolao
1192 2813 1261 2877 filio
1284 2815 1411 2878 Odolas
1443 2830 1517 2879 octo

254 2943 328 2985 cum
352 2923 461 2985 medio
487 2923 556 2985 flor.
581 2935 613 2984 et
635 2921 677 2983 Xl
702 2940 816 3003 pensas
837 2920 1042 2983 denariorum
1067 2922 1098 2983 in
1124 2921 1296 3002 quindenis
1320 2922 1473 2985 exsolvet.

361 3030 439 3092 ltem
464 3028 644 3108 pertoldus,
669 3027 859 3104 Laurencio,
893 3026 1035 3110 Georgio
1059 3042 1090 3088 et
1113 3028 1234 3090 Jacobo
1267 3028 1345 3089 Bole
1378 3026 1517 3090 condam

256 3135 365 3215 juratis
389 3134 623 3217 propterquod
648 3152 742 3215 super
759 3135 845 3216 ipsos
862 3134 1009 3214 sagitavit
1031 3134 1062 3195 in
1087 3133 1259 3215 quindenis
1276 3134 1407 3196 cuilibet
1431 3134 1517 3216 ipso-

253 3260 325 3301 rum
349 3242 377 3302 X
401 3260 524 3302 marcas
549 3239 754 3302 denariorum
783 3240 926 3301 exsolvet
949 3238 1093 3303 indilate.

362 3347 440 3407 ltem
466 3345 649 3407 Anthonius
666 3346 768 3408 Reniz
793 3359 903 3407 contra
920 3344 1094 3428 Gyuanum
1111 3343 1190 3406 feria
1206 3358 1292 3406 sexta
1316 3344 1434 3425 jurabit
1450 3359 1518 3409 met

256 3452 387 3532 quintus
412 3452 444 3512 in
470 3471 520 3529 eo,
545 3451 632 3532 quod
664 3452 731 3533 ipse
755 3452 815 3513 sibi
846 3465 919 3512 octo
952 3450 1021 3512 flor.
1054 3451 1122 3512 auri
1153 3450 1375 3512 acomodasset
1398 3465 1433 3514 ut
1456 3452 1517 3513 sibi

256 3557 308 3618 hic
332 3557 489 3637 Zagrabie
513 3557 578 3619 duo
601 3557 694 3640 pepla
719 3572 774 3618 aut
791 3557 852 3618 alia
873 3557 1082 3619 mercimonia
1099 3556 1189 3618 daret
1212 3570 1242 3618 et
1266 3557 1441 3638 assignaret
1456 3577 1515 3640 pro

254 3661 389 3741 eisdem,
413 3662 468 3724 sed
494 3664 579 3746 ipsos
603 3682 668 3725 non
692 3665 848 3725 concessit
872 3662 912 3724 ad
937 3661 1099 3724 fortunam
1126 3683 1231 3744 neque
1256 3663 1295 3724 ad
1319 3663 1456 3726 Budam.

437 3898 534 3972 Ferla
561 3902 667 3972 tercia
695 3903 849 3990 proxima
876 3909 952 3990 post
980 3900 1179 3971 dominicam
1206 3899 1338 3990 judica.

789 4068 833 4148 (6.
851 4071 976 4147 apriles).

359 4226 467 4288 Primo
491 4247 541 4288 ser
565 4226 757 4289 Benedictus
788 4242 897 4289 contra
927 4228 1103 4310 Syrnonem
1135 4225 1317 4288 carnificem
1342 4228 1448 4309 primo
1473 4229 1517 4290 ci·

252 4342 335 4391 tatus
360 4350 424 4392 non
450 4333 638 4414 comparuit.

359 4435 437 4498 Item
471 4437 638 4499 Ladislaus
669 4458 808 4500 assessor
839 4451 948 4500 contra
983 4438 1146 4500 Andream
1179 4438 1234 4500 Sib
1266 4439 1371 4521 primo
1403 4440 1518 4503 citatus

252 4557 318 4599 nou
346 4543 536 4622 comparuit.
1306 4557 1310 4564 '

359 4644 436 4707 ltem
470 4648 560 4708 Mark
595 4646 679 4709 filius
713 4647 921 4710 Chernouich
956 4661 1066 4710 contra
1098 4649 1268 4710 Nicolaum
1301 4649 1516 4713 Zreberuicha

252 4747 358 4829 primo
383 4752 496 4813 citatus
520 4772 586 4814 non
610 4754 801 4835 comparuit.
