3472 5234
259 312 320 392 336
526 318 534 327 ’
643 312 729 370 Anno
749 324 838 386 1391·
864 344 901 352 -
929 321 975 386 17.
1000 311 1109 370 martii.

363 523 441 585 Item
463 522 568 603 prImo
593 522 705 584 Petrus
729 520 855 601 longus.

362 630 439 691 Item
466 629 573 711 Matey
598 628 748 689 decanus.

362 734 441 796 Item
467 734 615 796 Michael.
969 732 1092 813 Lingva
1116 733 1347 796 sclavonicalis.

363 840 441 901 Item
465 839 623 902 Vrbanus.

363 947 440 1007 Item
464 946 543 1008 alter
573 945 732 1007 Vrbanus.

364 1157 442 1219 Item
466 1158 571 1239 primo
596 1157 787 1240 Stephanus.

363 1262 441 1324 Item
467 1262 643 1344 Gregorius
664 1262 791 1345 Angeli.

362 1369 440 1431 Item
474 1368 628 1431 Nicolaus
658 1368 823 1452 Lypouch.
974 1369 1097 1451 Lingua
1122 1368 1345 1449 hungaricalis.

362 1475 440 1537 Item
463 1474 575 1538 Petrus
599 1496 724 1558 parvus.
902 1399 914 1616 Ι

361 1580 440 1644 Item
467 1582 569 1643 Lucas
594 1583 747 1646 medicus.

362 1831 457 1909 Nota,
481 1831 570 1913 quod
594 1851 650 1913 per
674 1831 812 1894 eundem
845 1833 1014 1894 dominum
1047 1831 1227 1894 Iohannem
1253 1829 1391 1912 judicem
1417 1843 1448 1892 et
1472 1829 1519 1910 ju·

259 1948 344 1997 ratos
368 1956 403 1997 ac
429 1935 627 1998 consiliarios
651 1950 682 1999 et
705 1950 806 2000 totam
838 1939 1101 2000 communitatem
1135 1937 1244 1998 omnia
1272 1949 1387 1998 statuta
1412 1948 1443 1997 et
1466 1934 1521 1997 de·

260 2055 343 2104 creta
369 2043 400 2104 in
426 2043 566 2124 antiquis
590 2056 620 2104 et
643 2044 804 2125 prioribus
827 2044 966 2106 haternis
983 2044 1160 2125 conscripta
1186 2043 1294 2124 quoad
1319 2062 1433 2104 omnes
1449 2061 1521 2103 suas

257 2146 417 2209 clausulas
440 2162 514 2210 sunt
539 2151 697 2228 roborata,
722 2149 908 2212 confirmata
933 2164 964 2211 et
990 2152 1166 2232 approbata
1191 2149 1223 2209 in
1248 2161 1440 2230 perpetuum
1464 2148 1521 2209 ob·

256 2255 421 2333 servanda,
445 2255 491 2316 sic
515 2269 546 2317 et
571 2256 603 2316 in
628 2257 764 2337 presenti
788 2258 918 2317 katerna
942 2256 1053 2318 eadem
1080 2254 1310 2317 confirmarunt
1334 2268 1365 2317 et
1389 2255 1521 2316 robora·

257 2375 330 2423 runt
354 2360 583 2424 inviolabiliter
607 2363 638 2424 in
663 2376 854 2445 perpetuum
879 2362 1089 2425 observanda.

439 2580 536 2655 Ierla
563 2590 659 2655 sexta
687 2586 839 2673 proxima
871 2591 948 2673 post
976 2584 1175 2654 dominicam
1201 2583 1333 2672 Judica.

784 2733 848 2814 (17.
871 2735 991 2803 martii).

362 2875 439 2937 Item
468 2896 562 2937 causa
586 2877 747 2938 Valentini
774 2889 882 2938 contra
908 2875 1043 2936 Paulum
1067 2874 1107 2936 ad
1132 2894 1243 2955 pacem
1268 2887 1314 2935 est
1338 2886 1473 2955 recepta.

362 2982 439 3044 Item
476 2984 614 3044 Iacobus
649 2980 779 3063 pellifex
815 2996 846 3044 et
880 2982 1025 3043 Thomas
1061 2981 1198 3043 condam
1230 2979 1350 3061 juratus
1386 2992 1519 3060 uterque

256 3089 399 3170 quinque
424 3087 492 3149 flor.
517 3087 585 3149 auri
610 3087 728 3148 debent
750 3088 874 3149 solvere
899 3087 1085 3170 p(reposito)
1110 3100 1216 3148 sancte
1242 3087 1352 3148 Maris.

361 3194 439 3255 Item
465 3193 647 3274 Stephanus
674 3206 775 3255 sartor
806 3207 915 3255 contra
949 3194 1155 3255 Dominicum
1189 3193 1386 3255 sacerdotem
1412 3192 1518 3275 primo

256 3300 369 3362 citatus
392 3319 458 3360 non
487 3299 675 3380 comparuit.

359 3404 438 3466 Item
455 3404 608 3465 Nicolaus
625 3418 734 3466 contra
752 3405 950 3487 Stephanum
968 3405 1110 3467 secundo
1124 3407 1237 3467 citatus
1249 3425 1313 3466 non
1326 3405 1516 3487 comparuit.

362 3511 439 3572 Item
465 3512 573 3572 Marco
598 3510 683 3572 filius
708 3512 867 3573 Leonardi
900 3527 1009 3574 contra
1043 3511 1240 3594 Stephanum
1267 3510 1372 3592 primo
1404 3511 1518 3572 citatus

256 3636 321 3676 non
351 3617 540 3699 comparuit.

361 3723 438 3785 Item
463 3725 575 3785 Petrus
599 3738 709 3786 contra
734 3725 768 3786 P.

361 3830 439 3892 Item
454 3829 566 3892 Gallus
577 3830 697 3910 juratus
710 3845 820 3893 contra
830 3830 994 3893 Thomam
1007 3832 1058 3893 die
1072 3847 1185 3892 octavo
1203 3830 1395 3912 respondere
1409 3830 1515 3891 debet.

361 3936 437 3998 Item
448 3936 535 4018 quod
546 3938 620 4018 quia
632 3937 881 3999 Martinusfilius
895 3937 1042 4018 Gregorii
1054 3936 1133 3999 fabri
1152 3984 1159 3999 .
1177 3986 1185 4001 .
1203 3983 1210 3998 .
1223 3938 1253 3999 in
1265 3935 1349 3998 furto
1364 3955 1517 4018 quarum·

255 4041 328 4102 dam
346 4062 450 4103 rerum
468 4057 579 4125 utputa
597 4042 669 4104 ferri
687 4044 720 4105 in
745 4044 843 4106 domo
861 4090 868 4105 .
887 4091 894 4106 .
917 4058 963 4105 est
983 4057 1136 4125 repertus,
1161 4043 1234 4105 ideo
1252 4044 1311 4105 sibi
1336 4043 1513 4105 auriculam

255 4145 389 4209 lecImus
412 4150 531 4210 abscidi
558 4164 588 4210 et
611 4150 635 4210 si
655 4169 797 4230 unquam
815 4151 846 4210 in
865 4150 991 4211 civitate
1009 4163 1115 4211 nostra
1140 4149 1225 4211 visus
1249 4148 1400 4230 deinceps
1421 4147 1516 4211 suerit

254 4268 369 4314 extunc
392 4256 543 4337 suspendi
569 4255 709 4333 debebit,
734 4269 829 4337 prout
845 4256 953 4316 omnia
977 4257 1128 4338 premissa
1146 4255 1234 4316 solus
1258 4253 1422 4316 confessus
1440 4253 1510 4317 luit.

360 4359 436 4421 Item
469 4361 555 4441 quod
589 4361 663 4442 q'uia
696 4361 857 4423 Iohannes
888 4360 973 4423 filius
1006 4360 1137 4442 Georgii
1170 4361 1315 4443 pellificis
1350 4360 1514 4443 quoddam

255 4464 407 4526 bicellum
438 4464 560 4529 iuratus
593 4466 671 4545 ruit,
704 4467 777 4528 ideo
810 4468 914 4549 ipsum
948 4468 987 4528 ad
1019 4467 1206 4529 instanciam
1232 4467 1357 4530 Samlar
1389 4467 1513 4530 Nicolai

255 4570 385 4633 nomine
410 4572 448 4633 de
473 4573 599 4635 civitate
623 4586 730 4634 nostra
755 4571 889 4634 fecimus
913 4593 985 4634 cum
1018 4574 1138 4635 baculis
1161 4574 1244 4652 cedi,
1267 4587 1298 4636 et
1321 4573 1347 4635 si
1370 4592 1514 4656 unquam

255 4674 286 4734 in
311 4676 378 4759 ipsa
411 4680 537 4741 civitate
569 4692 675 4739 nostra
707 4678 793 4739 visus
824 4677 929 4756 fuerit,
964 4692 1079 4740 extunc
1111 4698 1186 4741 mox
1215 4680 1366 4763 suspendi
1399 4681 1516 4742 debeat

254 4799 292 4842 eo
317 4780 411 4846 Iacto.
