3472 5234
619 303 814 379 Ann01377.
840 336 881 346 -
905 317 956 380 24.
981 304 1148 366 novembris.
1456 325 1515 387 107

356 515 435 577 Item
462 515 642 597 Stephanus
659 516 758 576 Pazar
782 529 891 576 contra
917 515 1073 577 Marinam
1091 530 1206 577 octavo
1231 516 1282 577 die
1299 536 1331 576 se
1356 515 1516 578 secundus

250 621 367 703 jurabit
392 622 423 683 io
449 642 498 699 eo,
523 635 557 682 ut
581 622 648 702 ipse
674 622 774 703 ipsam
800 641 864 682 non
885 621 1113 703 vituperaverit
1138 641 1196 684 nec
1212 641 1303 683 suam
1327 621 1426 683 filiam
1444 642 1515 704 per·

250 739 356 789 cutere
382 747 447 789 non
472 728 699 809 procuraverit.

356 834 434 896 Item
460 834 546 896 Elias
577 853 694 915 parvus
726 847 836 895 contra
870 835 943 895 Moz
976 848 1048 916 post
1079 854 1173 897 suurn
1204 835 1378 896 adventurn
1409 835 1515 917 primo

248 941 370 1022 judicio
395 940 612 1023 respondebit.

355 1049 433 1110 Item
460 1048 615 1109 Martinus
640 1047 810 1130 Zequirich
840 1048 977 1110 Nicolao
1010 1048 1148 1110 condam
1180 1048 1278 1127 judici
1303 1062 1433 1130 propter
1456 1068 1513 1109 sua

165 1156 168 1161 ’
248 1155 407 1237 vituperia
425 1167 565 1236 quatuor
581 1174 704 1215 marcas
721 1154 862 1215 exsolvet
887 1167 917 1215 et
935 1154 1032 1234 judici
1050 1154 1129 1216 duas
1146 1155 1315 1216 marcasio
1333 1154 1515 1236 quindenis.

353 1261 430 1322 Item
445 1260 598 1322 Nicolaus
622 1260 759 1321 condam
784 1260 879 1340 judex
903 1274 1017 1322 octavo
1043 1260 1094 1322 die
1118 1281 1175 1342 per
1203 1281 1336 1323 uxorem
1354 1258 1512 1322 Wrouich

248 1381 278 1428 et
310 1387 442 1430 uxorem
476 1367 615 1428 Emerici
647 1367 793 1429 atestabit
823 1386 918 1448 super
951 1386 1001 1444 eo,
1037 1367 1125 1448 quod
1154 1369 1310 1428 Martinus
1343 1366 1513 1449 Zequirich

249 1474 353 1535 verbis
377 1474 525 1555 turpibus
549 1493 640 1535 suam
662 1493 795 1534 uxorem
820 1473 985 1536 affecisset.

354 1580 431 1641 Item
455 1599 548 1641 causa
573 1580 707 1657 MaronI,
733 1580 818 1640 Iwao
842 1593 873 1641 ct
897 1580 1021 1640 Nicolai
1040 1593 1085 1640 est
1109 1600 1165 1662 per
1182 1579 1376 1660 Gregorium
1394 1579 1511 1661 Angeli

247 1699 278 1748 et
302 1686 437 1748 alterum
464 1686 657 1767 Gregorium
682 1685 722 1747 ad
747 1699 820 1748 octo
846 1685 915 1746 dies
939 1702 1066 1768 recepta
1090 1685 1130 1747 ad
1154 1705 1277 1768 pacem.

354 1812 431 1873 Item
463 1811 655 1872 Benedictus
692 1809 777 1872 filius
810 1809 957 1891 Gregorii
994 1810 1157 1892 predictus
1188 1824 1299 1872 contra
1331 1809 1512 1872 Iohannem

247 1917 438 1981 familiarem
464 1919 588 1980 domini
614 1918 844 2000 archiepiscopi
879 1917 1107 1999 Strigoniensis
1130 1936 1223 1978 suum
1258 1930 1291 1978 ut
1315 1916 1427 1979 debuit
1450 1918 1513 1978 sol-

246 2026 418 2108 lempniter
442 2025 590 2107 deposuit
614 2023 841 2104 juramentum.

352 2133 431 2194 Item
457 2130 636 2213 Stephanus
661 2130 750 2193 faber
773 2145 884 2193 contra
913 2131 1099 2193 Ladislaum
1132 2130 1271 2212 juratum
1296 2131 1438 2194 secundo
1470 2131 1513 2193 ci·

246 2252 331 2302 tatus
355 2259 420 2301 non
446 2239 636 2320 comparuit.

352 2362 453 2425 Nota!
478 2363 566 2445 quod
592 2363 747 2425 Martinus
764 2364 980 2446 carpentarius
997 2377 1104 2425 noster
1121 2363 1262 2425 concivis
1287 2384 1304 2424 a
1330 2363 1512 2424 communi·

246 2483 309 2531 tate
334 2469 446 2532 habuit
478 2469 689 2551 quadraginta
721 2489 842 2530 marcas
874 2470 1080 2531 denariorum
1114 2470 1146 2530 in
1172 2469 1257 2531 huuc
1282 2469 1390 2547 finem,
1424 2469 1512 2550 quod

246 2577 312 2658 ipse
336 2576 470 2637 fluvium
488 2575 727 2638 Manduseuech
746 2595 890 2657 reparare
909 2590 939 2638 ct
955 2577 1037 2638 bene
1054 2575 1180 2638 firmare
1204 2575 1309 2653 debet,
1327 2575 1366 2636 ad
1384 2595 1513 2657 presens

246 2703 278 2745 se
303 2682 435 2744 firmiter
459 2682 606 2764 obligans
630 2684 689 2744 sub
714 2681 915 2762 obligacione
940 2683 1087 2744 omnium
1119 2684 1280 2743 bonorum
1305 2701 1452 2760 suorum,
1477 2694 1512 2743 ut

246 2789 441 2871 ubicumque
457 2789 543 2850 idem
554 2789 670 2850 fluvius
680 2803 881 2871 rumperetur
892 2788 973 2850 infra
982 2791 1125 2873 spacium
1141 2790 1169 2849 X
1183 2807 1343 2850 annorum
1352 2808 1510 2870 reparare.

271 3025 368 3100 Feria
395 3030 502 3100 tercIa
531 3029 685 3115 proxima
713 3035 791 3098 ante
818 3026 941 3099 festum
970 3029 1065 3099 beate
1094 3028 1276 3099 KatherIne
1304 3029 1448 3115 virginis
1477 3035 1511 3098 et

798 3154 964 3224 martirIs.

741 3326 805 3402 (24.
828 3325 1010 3394 novembris).

350 3481 427 3543 Item
453 3502 546 3543 causa
572 3482 713 3562 magistri
739 3483 864 3544 Nicolai
898 3484 1013 3545 medici
1039 3498 1069 3546 et
1094 3484 1164 3546 Elie
1196 3484 1348 3547 aurifabri
1374 3499 1422 3547 est
1455 3504 1511 3568 per

244 3601 338 3651 testes
362 3588 401 3648 ad
426 3602 499 3650 octo
524 3588 592 3650 dies
616 3604 797 3670 prorogata.

348 3694 426 3756 Item
460 3695 610 3756 Miclinus
641 3696 851 3758 stationarius
887 3711 996 3759 contra
1030 3697 1223 3779 Gregorium
1256 3700 1362 3782 primo
1394 3699 1509 3762 citatus

244 3819 308 3861 non
334 3802 524 3884 comparuit.

349 3907 428 3969 Item
445 3908 529 3969 Iwan
555 3921 665 3970 contra
688 3909 868 3971 Iwaninum
892 3911 997 3992 primo
1022 3912 1136 3973 citatus
1160 3933 1226 3974 non
1251 3915 1442 3997 comparuit.

350 4011 427 4074 Item
464 4013 598 4094 Bogdan
635 4027 744 4076 contra
777 4015 920 4077 relictam
953 4016 1123 4097 Hergoche
1155 4019 1259 4100 primo
1298 4020 1411 4082 citatus
1443 4041 1509 4083 non

245 4119 434 4201 comparuit.

348 4226 426 4287 Item
451 4226 603 4288 Nicolaus
627 4226 711 4289 filius
736 4227 862 4291 Crisani
887 4243 997 4291 contra
1021 4230 1155 4292 Iuanum
1174 4231 1312 4293 Plauech
1336 4233 1441 4314 primo
1466 4233 1508 4294 ci·

242 4343 326 4394 tatus
350 4352 415 4394 non
440 4334 629 4414 comparuit.

349 4439 426 4500 Item
451 4437 603 4521 Gyurgek
628 4455 738 4503 contra
763 4441 941 4503 Iohannem
975 4443 1160 4525 privignum
1186 4445 1311 4528 Myreni
1335 4445 1441 4528 primo
1464 4446 1507 4508 ci·

243 4554 327 4604 tatus
350 4563 416 4604 non
441 4545 630 4626 comparuit.

349 4667 425 4729 Item
445 4688 537 4729 causa
555 4669 647 4729 Pauli
664 4669 821 4753 Chaplich
835 4686 865 4734 et
878 4672 1015 4755 Mykech
1029 4673 1220 4754 Magdalene
1234 4688 1280 4737 est
1293 4674 1333 4736 ad
1350 4687 1423 4737 octo
1438 4676 1505 4737 dies

242 4787 414 4855 prorogata
437 4774 478 4836 ad
502 4775 765 4858 respondendum
789 4797 846 4860 per
864 4778 999 4861 Mykech
1023 4780 1203 4863 predictum
1222 4795 1330 4844 contra
1355 4782 1505 4845 eundem.
