3474 5234
633 334 720 391 Anno
742 329 834 410 1385.
860 366 900 376 —
923 346 980 410 30.
996 333 1089 408 junii.
1432 349 1495 412 243

336 543 414 606 Item
448 562 542 604 causa
566 543 736 604 Laurencii
768 542 905 604 condam
937 541 1053 624 judicis
1085 554 1195 604 contra
1220 543 1355 625 Jurglyn
1379 542 1420 604 ad
1444 561 1497 604 oc·

231 663 342 712 tavum
367 649 454 711 diem
478 648 518 710 ad
542 668 654 731 pacem
679 660 725 710 est
748 660 885 731 recepta.
946 638 948 642 ’

337 756 415 818 Item
438 774 532 817 causa
556 753 712 815 Anthonii
740 753 835 835 jurati
868 767 978 816 contra
1002 754 1137 838 Jurglyn
1170 754 1210 816 ad
1234 767 1386 817 octavum
1411 753 1497 816 diem

233 863 272 924 ad
296 881 409 945 pacem
435 873 482 922 ert
506 873 641 942 recepta.

339 968 417 1029 Item
441 967 525 1028 Rees
549 980 659 1029 contra
682 965 864 1027 Mosnarich
889 965 1032 1028 secundo
1061 966 1175 1028 citatus
1206 984 1272 1028 non
1305 967 1497 1048 comparuit.

338 1075 417 1136 Item
441 1072 564 1155 Symon
587 1085 696 1134 contra
722 1072 805 1133 Iwao
833 1070 985 1154 Loytrich
1008 1070 1151 1133 secundo
1184 1071 1297 1134 citatus
1320 1091 1386 1134 non
1411 1091 1498 1134 com·

231 1181 347 1262 paruit.

339 1286 418 1348 Item
443 1304 535 1347 causa
554 1283 703 1365 Chupina
728 1296 838 1345 contra
859 1283 980 1345 Lucam
998 1282 1148 1366 Agacych
1173 1283 1213 1345 ad
1237 1296 1385 1346 octavum
1412 1284 1498 1346 diem

234 1394 272 1455 ad
298 1412 410 1476 pacem
435 1405 481 1453 est
506 1403 641 1473 recepta.

339 1499 418 1560 Item
443 1517 536 1559 causa
554 1498 634 1558 Kate
660 1495 803 1557 mulieris
820 1508 931 1556 contra
956 1493 1149 1575 Gregorium
1174 1495 1213 1556 ad
1239 1510 1389 1558 octavum
1412 1496 1498 1558 diem

235 1605 273 1666 ad
300 1623 410 1686 pacem
436 1617 483 1665 est
507 1618 644 1684 recepta.

340 1711 418 1772 Item
452 1709 614 1770 Iohannes
640 1706 726 1769 filius
758 1708 869 1771 Jacobi
903 1720 1018 1768 octavo
1043 1705 1094 1767 die
1126 1727 1183 1789 per
1210 1706 1414 1790 Mychaelem
1438 1706 1499 1769 Or-

233 1814 364 1898 tolflych
391 1830 421 1878 et
446 1814 636 1876 Michaelem
666 1813 769 1875 fiIIum
794 1813 973 1876 Sebastiani
997 1811 1058 1874 hoc
1090 1814 1246 1892 atestabit,
1280 1812 1368 1894 quod
1393 1813 1499 1894 ipsum

235 1922 388 1983 Nicolaus
411 1920 628 2003 carpentarius
655 1919 874 2001 vituperasset.

341 2026 418 2087 Item
443 2027 527 2087 lwan
547 2025 673 2107 juratus
698 2038 812 2088 octavo
837 2025 889 2086 die
909 2045 966 2107 per
982 2025 1185 2087 Anthonium
1202 2024 1364 2087 literatum
1390 2039 1421 2088 et
1437 2026 1500 2087 De·

235 2134 386 2194 mettium
419 2131 598 2194 carnificem
631 2131 692 2194 hoc
724 2133 879 2210 atestabit,
912 2132 1000 2213 quod
1033 2133 1138 2215 ipsum
1172 2132 1337 2193 Dionisius
1361 2145 1393 2194 et
1416 2133 1499 2194 Mar-

238 2240 324 2300 tiuus
347 2239 563 2321 carpentarius
586 2238 828 2320 vituperassent,

340 2345 418 2407 Item
442 2364 536 2406 causa
561 2344 669 2406 Mathe
691 2344 879 2426 gladiatoris
896 2358 1005 2405 contra
1032 2344 1146 2427 Jaklyn
1172 2343 1211 2405 ad
1237 2356 1389 2405 octavum
1414 2344 1499 2406 diem

235 2450 275 2511 ad
300 2470 411 2532 pacem
436 2465 482 2512 est
506 2465 641 2533 recepta.

341 2555 417 2617 Item
443 2575 537 2617 causa
561 2556 665 2617 Iwane
690 2555 835 2617 mulieris
859 2567 968 2616 contra
993 2554 1158 2617 Thomam
1182 2574 1239 2635 per
1262 2567 1357 2616 testes
1382 2554 1422 2616 ad
1447 2576 1500 2619 oc-

235 2675 343 2723 tavum
369 2662 456 2722 diem
480 2661 519 2722 ad
544 2681 655 2743 pacem
681 2674 728 2723 est
751 2674 888 2742 recepta.

340 2767 418 2829 Item
443 2786 535 2828 causa
554 2767 687 2828 Fabiani
703 2765 819 2827 literati
844 2778 954 2827 contra
972 2764 1078 2827 Endre
1097 2765 1163 2848 Syb
1181 2765 1221 2827 ad
1246 2778 1395 2827 octavum
1413 2766 1500 2828 diem

237 2872 277 2933 ad
302 2891 414 2954 pacem
438 2885 485 2933 est
508 2885 644 2953 recepta.

342 2978 420 3040 Item
452 2997 546 3041 causa
578 2977 710 3061 lursych
742 2990 851 3039 contra
883 2976 1007 3039 Berend
1040 2977 1248 3039 ValentInum
1276 2976 1316 3038 ad
1350 2989 1501 3038 octavum

240 3083 325 3146 diem
351 3084 390 3146 ad
413 3103 526 3166 pacem
551 3097 598 3145 est
624 3097 760 3165 recepta.

344 3191 422 3252 Item
446 3189 630 3251 Anthonius
653 3203 684 3251 et
707 3187 818 3251 Filech
850 3202 959 3250 contra
985 3187 1162 3270 Georgium
1187 3188 1292 3270 prImo
1325 3187 1411 3250 citati
1436 3207 1501 3249 non

215 3317 216 3320 ¹
237 3308 495 3378 comparuerunt.

345 3401 422 3463 Item
447 3401 536 3463 Elias
559 3421 674 3484 parvus
702 3413 811 3463 contra
844 3401 952 3463 Endre
977 3399 1042 3484 Syb
1065 3414 1180 3463 octavo
1206 3399 1256 3460 die
1282 3399 1501 3482 respondebit.

342 3507 419 3569 Item
452 3526 544 3568 causa
571 3506 747 3590 Mychaelis
776 3520 887 3569 contra
919 3504 1074 3589 Zekyrich
1099 3505 1139 3567 ad
1171 3518 1322 3567 octavum
1347 3504 1434 3566 diem
1461 3505 1501 3567 ad

239 3633 351 3695 pacem
375 3626 421 3675 est
445 3626 580 3695 recepta.

342 3719 419 3780 Item
452 3720 556 3781 Lucas
586 3717 690 3780 dictus
722 3719 919 3782 Cratkarolra
955 3739 1056 3800 usque
1088 3718 1268 3800 quiadenas
1301 3738 1355 3779 sex
1380 3738 1503 3780 marcas

240 3823 444 3886 denariorum
470 3824 606 3886 Nicolao
630 3823 697 3886 filio
722 3825 848 3887 Nicolai
871 3825 997 3887 solvere
1021 3825 1127 3888 debet.

342 3930 419 3991 Item
445 3930 533 4012 quod
558 3931 633 4011 quia
651 3930 784 4011 quidam
806 3929 900 4011 jurati
916 3930 1066 3992 viderunt
1091 3945 1124 3992 ut
1141 3931 1289 3993 Vrbanus
1312 3943 1344 3991 et
1369 3929 1502 3992 domina

240 4035 343 4096 Borka
378 4036 541 4116 quandam
576 4036 663 4097 viam
697 4037 861 4118 pubIIcam
892 4036 1225 4118 perligonizaverunt,
1257 4035 1331 4098 ideo
1366 4035 1504 4117 quilibet

241 4159 352 4201 eorum
377 4141 409 4201 in
435 4140 545 4203 decem
570 4141 685 4203 marcis
708 4156 781 4203 sunt
806 4142 962 4218 convicti3
986 4142 1053 4224 ipse
1078 4155 1186 4204 autem
1211 4142 1359 4202 Vrbanus
1384 4140 1503 4202 dictam

240 4265 366 4307 causam
392 4247 432 4308 ad
457 4248 606 4328 antiquos
629 4246 751 4329 judices
775 4246 958 4328 appellavit.

343 4353 421 4414 Item
447 4352 608 4414 lohannes
632 4352 718 4413 filius
743 4354 854 4414 Bozou
878 4365 909 4414 et
932 4352 1016 4415 filios
1033 4352 1166 4414 Fabiani
1184 4353 1282 4413 ambo
1299 4351 1395 4413 slmul
1414 4352 1503 4414 cirni-

238 4457 355 4518 terium
386 4459 518 4521 ecclesIe
549 4472 655 4520 sancte
681 4458 881 4541 Margarethe
913 4478 1015 4540 usque
1047 4457 1158 4520 leriam
1184 4457 1330 4539 quintam
1354 4458 1503 4540 proxime

242 4576 409 4625 venturam
435 4583 617 4626 consecrare
642 4564 713 4645 (sr‘c)
739 4563 868 4626 debent.

346 4668 424 4730 Item
442 4669 528 4749 quod
551 4670 625 4750 quia
642 4669 792 4731 Vrbanus
815 4668 900 4730 filius
918 4717 925 4732 .
944 4718 950 4731 .
969 4715 976 4730 .
1001 4669 1090 4752 (hleri
1110 4671 1141 4732 in
1159 4668 1230 4730 foro
1247 4669 1503 4751 conprovinciali

239 4773 271 4834 in
297 4772 380 4836 Iacto
412 4774 671 4856 interempcionis
695 4774 849 4857 Stephani
883 4775 997 4836 famuli
1029 4776 1165 4858 MykIIni
1198 4774 1355 4855 legittime
1379 4776 1504 4856 procla-

1381 4863 1399 4894 ὕ
