3472 5234
628 319 714 376 Anno
737 329 824 395 1377.
849 353 890 361 —
915 331 961 396 17.
986 322 1099 393 aprilis.
1463 323 1503 402 85

348 528 427 590 Item
452 530 590 591 Jacobus
605 528 736 610 pellifex
754 543 863 592 contra
881 529 968 611 Span
984 529 1089 611 primo
1106 530 1219 592 citatus
1231 549 1297 591 non
1316 533 1504 613 comparuit.

348 635 427 697 Item
445 635 613 718 Philippus
636 635 721 698 filius
745 636 849 698 Mauri
866 649 977 698 contra
998 635 1199 718 Mychaelem
1223 637 1382 720 Damyani
1399 640 1504 720 primo

242 740 356 803 citatus
378 759 445 801 non
474 741 661 822 comparuit.

348 846 427 908 ltem
451 845 634 908 Alexander
665 859 779 909 octavo
812 846 863 908 die
896 866 952 929 per
987 847 1143 910 Jacobum
1168 847 1247 909 Bole
1279 861 1310 909 et
1335 849 1504 912 Nicolaum

240 952 358 1033 Angeli
381 951 502 1033 juratos
525 964 639 1013 octavo
664 951 716 1012 die
740 953 886 1015 atestabit
910 965 1020 1015 contra
1042 952 1213 1015 Nicolaum
1237 952 1340 1016 filium
1365 954 1504 1034 Crisani‚

240 1057 329 1139 quod
353 1057 421 1139 ipse
445 1076 539 1119 suum
563 1077 683 1139 equum
700 1057 751 1120 hic
775 1058 808 1119 in
833 1059 961 1121 civitate
978 1059 1105 1121 rediens
1128 1061 1167 1121 de
1192 1060 1347 1122 Leubako
1371 1061 1504 1124 reddere

239 1163 448 1244 promisisset.

346 1266 424 1330 ltem
449 1267 602 1330 Nicolaus
624 1267 710 1330 filius
733 1269 858 1331 Crisani
883 1283 993 1332 contra
1025 1271 1209 1332 Emericum
1241 1285 1356 1333 octavo
1381 1272 1432 1334 die
1456 1294 1504 1335 re-

241 1372 425 1456 spondebit.

345 1481 425 1543 Item
450 1479 586 1542 Mathias
603 1494 712 1543 contra
730 1481 949 1544 Alexandrum
967 1483 1072 1565 primo
1095 1482 1209 1544 citatus
1224 1502 1291 1543 non
1315 1486 1504 1565 comparuit.

345 1585 424 1648 ltem
449 1606 543 1648 causa
561 1587 703 1668 magistri
722 1588 812 1650 Pauli
830 1602 861 1649 et
878 1588 1048 1670 Dragozlai
1066 1602 1114 1651 est
1125 1608 1181 1671 per
1198 1600 1292 1650 testes
1309 1589 1349 1650 ad
1362 1591 1503 1671 primum

239 1690 394 1772 judicium
420 1706 600 1774 prorogata.

344 1798 423 1861 ltem
448 1799 545 1881 Mylre
569 1799 699 1862 Bulsich
725 1800 851 1862 vineam
884 1800 1008 1862 domini
1033 1802 1158 1864 Nicolai
1191 1803 1364 1865 sacerdotis
1396 1804 1502 1867 colere

240 1902 335 1966 debet
358 1904 468 1970 debito
492 1924 593 1984 more,
617 1905 700 1967 trina
721 1906 958 1987 ligonizacione
988 1908 1125 1970 colendo
1150 1923 1181 1970 et
1212 1909 1424 1992 palificando;
1449 1912 1502 1974 Jo-

238 2007 378 2072 hannem
402 2024 510 2072 autem
534 2009 637 2073 filium
663 2011 815 2094 Plahtych
849 2013 904 2074 ubi
930 2014 1066 2076 inveniri
1098 2016 1227 2097 poterit,
1251 2015 1410 2097 justiciam
1434 2017 1501 2080 fieri

239 2113 393 2179 faciemus
418 2117 458 2178 de
486 2117 613 2180 eodem.
1395 2107 1398 2113 ’

341 2223 420 2285 Item
445 2224 606 2286 Johannes
630 2223 794 2286 Chemerii
818 2238 928 2287 contra
946 2225 1147 2308 Stephanum
1170 2227 1275 2309 primo
1300 2228 1416 2291 citatus
1432 2249 1500 2291 non

238 2330 430 2412 comparuit.

342 2436 420 2498 Item
445 2436 601 2498 Martinus
627 2437 798 2519 Zequirich
831 2451 942 2501 contra
973 2438 1144 2501 Nicolaum
1168 2438 1271 2502 filium
1296 2439 1422 2501 Nicolai
1453 2461 1501 2502 se·

236 2540 345 2605 cundo
377 2542 490 2604 citatus
513 2561 579 2603 non
603 2545 792 2625 comparuit.

343 2647 423 2710 Item
447 2648 583 2732 Mykech
600 2647 686 2711 filius
703 2650 831 2712 Martini
856 2664 888 2714 et
910 2670 959 2712 ser
976 2649 1170 2712 Benedictus
1185 2664 1295 2713 contra
1320 2652 1500 2714 Janslinum

235 2755 341 2838 primo
365 2755 450 2817 citati
482 2774 548 2816 non
572 2770 830 2839 comparuerunt.

342 2861 421 2923 ltem
445 2881 538 2923 causa
563 2861 728 2943 judicum,
759 2862 936 2944 juratorum
969 2875 1000 2923 et
1024 2860 1142 2924 Genini
1175 2862 1342 2923 assessoris
1366 2875 1413 2924 est
1444 2882 1501 2945 per

236 2967 408 3029 Marenum
422 2981 453 3028 et
469 2968 641 3030 Nicolaum
659 2967 783 3030 Odolas
800 2969 840 3029 ad
857 2968 998 3050 primum
1009 2966 1164 3048 judicium
1178 2981 1302 3050 recepta
1320 2967 1360 3029 ad
1376 2988 1500 3050 pacem.

341 3073 419 3136 ltem
451 3074 634 3136 Anthonius
665 3088 753 3136 sutor
784 3088 895 3136 contra
927 3072 1121 3154 Gregorium
1154 3073 1260 3156 primo
1292 3073 1405 3135 citatus
1433 3093 1499 3135 non

235 3181 425 3264 comparuit.

337 3285 416 3348 Item
441 3306 534 3348 causa
559 3285 800 3348 communitatis
823 3299 855 3347 et
878 3285 964 3346 Noni
988 3284 1155 3346 assessoris
1179 3297 1225 3345 est
1249 3304 1305 3365 per
1331 3285 1500 3347 Marenum

234 3404 265 3453 et
288 3391 459 3454 Nicolaum
483 3391 607 3454 Odolas
630 3391 671 3453 ad
695 3391 836 3472 primum
859 3391 1015 3472 judicium
1040 3402 1165 3472 recepta
1190 3389 1230 3451 ad
1253 3409 1377 3472 pacem.

340 3496 418 3559 ltem
435 3517 530 3560 causa
553 3497 683 3559 Andree
700 3497 776 3558 dicti
795 3498 860 3580 Syb
878 3510 924 3558 est
940 3516 997 3578 per
1017 3496 1281 3559 communitatem
1300 3496 1339 3557 ad
1356 3497 1497 3578 primum

233 3602 391 3685 judicium
414 3604 622 3686 comparendi
646 3622 755 3664 coram
783 3603 878 3664 nobis
900 3615 1083 3685 prorogata.

340 3710 418 3773 Item
443 3709 605 3772 Johannes
622 3711 720 3770 Pazar
737 3723 846 3771 contra
863 3708 1026 3770 Andream
1050 3710 1154 3770 taskar
1170 3708 1277 3790 primo
1293 3708 1408 3770 citatus
1432 3727 1498 3770 non

232 3816 422 3898 comparuit.

341 3921 418 3982 ltem
444 3921 556 3982 Petrus
581 3919 685 3982 dictus
709 3920 844 3982 Machelr
868 3932 979 3982 contra
1009 3919 1196 3982 Ladislaum
1219 3919 1361 3982 secundo
1386 3920 1500 3982 citatus

232 4045 298 4087 non
322 4040 512 4108 comparuit.

340 4129 419 4193 Item
444 4131 625 4214 Stephanus
649 4130 742 4195 Ciius
766 4146 876 4194 contra
901 4133 1030 4193 Petrum
1046 4144 1200 4193 sartorem
1218 4130 1361 4193 secundo
1385 4131 1499 4192 citatus

232 4256 297 4299 non
323 4238 513 4319 comparuit.

338 4343 415 4405 Item
441 4343 586 4405 Andreas
609 4343 727 4425 jurabit
749 4344 855 4426 primo
871 4343 992 4426 judicio
1017 4363 1050 4404 se
1075 4343 1191 4404 tercius
1215 4362 1310 4423 super
1334 4362 1383 4420 eo,
1408 4342 1497 4423 quod

233 4448 300 4531 ipse
325 4469 420 4510 suum
444 4450 559 4511 bovem
583 4451 764 4512 voluntarie
789 4470 847 4512 nec
875 4450 1071 4532 precogitata
1102 4449 1249 4530 nequicia
1274 4468 1340 4510 non
1363 4448 1496 4511 lesisset.

342 4555 419 4617 ltem
445 4556 608 4617 Johannes
624 4571 654 4618 et
677 4555 822 4617 Andreas
838 4555 975 4637 quilibet
992 4556 1135 4637 ipsorum
1152 4574 1184 4614 se
1207 4554 1324 4615 tercius
1347 4555 1498 4634 jurabunt

232 4681 403 4744 supereo,
428 4663 515 4744 quod
541 4663 600 4744 ipsi
627 4661 827 4745 Mychaelem
860 4662 1030 4723 dominum
1062 4661 1206 4743 ipsorum
1238 4661 1414 4724 interficere
1439 4679 1496 4722 no·

233 4769 377 4832 luissent.
