3472 5234
624 341 712 397 Anno
735 349 821 416 1377.
848 372 887 382 -
913 354 960 416 13.
984 340 1091 400 martii.
1455 338 1491 400 81

339 548 418 609 Item
455 547 615 630 Georgius
647 560 757 610 contra
788 548 1028 631 Wlkouycham
1060 562 1173 610 octavo
1204 547 1255 609 die
1286 569 1343 631 per
1375 548 1497 630 Grego-

235 654 318 716 rium
343 668 374 715 et
396 654 541 716 Blasium
565 652 746 737 (atestabit),
771 653 859 734 quod
888 654 954 735 ipse
986 668 1108 738 septem
1137 654 1272 716 cubulos
1296 654 1383 715 bladi
1412 654 1499 737 apud

233 759 335 842 ipsam
365 773 591 822 conservasset.

341 865 420 927 Item
446 885 540 927 causa
565 866 687 927 Mareui
714 880 744 929 et
768 865 947 928 Clementis
963 878 1073 926 contra
1097 865 1268 927 Nicolaum
1292 864 1419 928 Crisani
1451 878 1499 926 est

235 991 292 1054 per
316 971 510 1053 Gregorium
535 972 652 1052 Angeli
677 986 709 1034 et
733 972 901 1034 Miclinum
925 971 965 1032 ad
982 985 1056 1032 octo
1081 971 1149 1032 dies
1172 983 1299 1053 recepta
1315 972 1356 1032 ad
1372 990 1497 1053 pacem.

341 1096 418 1156 Item
443 1095 595 1157 Herricus
626 1094 756 1178 pellifex
788 1108 898 1157 contra
921 1095 1064 1156 lwanum
1095 1094 1134 1155 de
1167 1096 1278 1156 Lonka
1302 1108 1416 1156 octavo
1442 1095 1495 1156 die

235 1201 451 1284 respondebit.

340 1308 420 1370 Item
446 1307 603 1370 Martinus
627 1307 722 1390 Piper
753 1320 863 1369 contra
895 1305 1054 1368 Janchech
1078 1304 1276 1368 aurifabrum
1308 1318 1422 1369 octavo
1446 1305 1498 1367 die

234 1415 302 1477 sola
327 1433 463 1497 persona
487 1413 604 1494 jurabit
628 1413 757 1477 racione
782 1413 877 1474 unius
901 1412 1002 1474 bovis.

339 1522 417 1582 Item
442 1519 605 1580 Iohannes
629 1532 739 1581 contra
756 1517 950 1600 Gregorium
967 1519 1072 1600 primo
1089 1517 1203 1580 citatus
1226 1537 1292 1579 non
1306 1515 1497 1598 comparuit.

340 1646 418 1706 Item
443 1663 536 1706 causa
561 1644 660 1705 Marci
693 1657 723 1704 et
748 1643 884 1726 Mykech
908 1643 947 1704 de
973 1641 1120 1704 Klokoch
1153 1653 1200 1703 est
1222 1662 1280 1724 per
1303 1642 1498 1725 Dyonisium

234 1751 274 1812 ad
299 1764 373 1812 octo
397 1750 466 1811 dies
489 1763 616 1831 recepta
640 1749 680 1810 ad
704 1769 826 1832 pacem.

339 1855 418 1918 Item
450 1856 567 1937 longus
598 1856 710 1917 Petrus
742 1869 788 1916 est
821 1855 986 1917 convictus
1018 1854 1160 1935 Georgio
1191 1853 1295 1936 jurato
1327 1853 1366 1914 lll
1391 1856 1498 1936 pensis

236 1962 453 2024 denariorum.

340 2067 417 2128 Item
443 2066 626 2128 Anthonius
643 2065 800 2148 Zytarych
825 2079 934 2128 contra
948 2065 1125 2147 Georgium
1150 2064 1290 2147 juratum
1313 2077 1428 2127 octavo
1445 2065 1497 2127 die

236 2172 452 2254 respondebit.

341 2277 420 2340 Item
438 2277 615 2359 Dyonisius
638 2276 787 2339 sacerdos
818 2291 928 2340 contra
952 2279 1030 2340 Wlk
1062 2293 1176 2341 octavo
1208 2278 1260 2339 die
1284 2298 1341 2360 per
1364 2296 1497 2339 uxorem

237 2384 402 2447 Benedicti
427 2382 517 2465 figuli
542 2397 573 2445 et
597 2402 729 2446 uxorem
754 2384 910 2464 Dragech,
934 2385 1023 2466 quod
1048 2386 1153 2467 ipsum
1177 2384 1416 2466 vituperaverit.

343 2509 420 2570 Item
438 2507 592 2569 Nicolaus
615 2506 699 2569 filius
722 2508 847 2570 Nicolai
870 2522 979 2571 contra
993 2509 1135 2571 Blasium
1159 2508 1358 2570 sacerdotem
1382 2520 1497 2569 octavo
1550 2590 1554 2595 Δ

237 2614 288 2676 die
313 2614 530 2695 respondebit.

341 2720 418 2780 Item
436 2720 548 2781 Marko
565 2719 679 2781 Putani
697 2734 806 2781 contra
823 2720 1009 2801 magistrum
1028 2721 1163 2783 Paulum
1188 2734 1303 2782 octavo
1321 2720 1371 2781 die
1388 2740 1420 2781 se
1437 2733 1499 2783 ter·

236 2825 302 2886 cius
324 2823 440 2905 jurabit
465 2825 495 2885 iu
518 2845 568 2904 eo,
593 2825 681 2906 quod
705 2827 772 2908 ipse
789 2845 878 2887 suam
903 2846 1036 2888 uxorem
1053 2830 1158 2888 Anam
1175 2840 1332 2905 vocatam,
1356 2824 1420 2907 jam
1444 2824 1499 2887 de-

238 2928 391 3010 functam,
405 2951 470 2992 non
483 2932 682 3013 percusserit,
699 2951 758 2994 nec
770 2952 826 3013 per
838 2952 928 2993 suam
941 2933 1178 3014 percussionem
1193 2945 1318 2993 mortua
1335 2931 1497 2993 extitisset.

341 3055 420 3116 Item
444 3055 658 3116 mercenarius
683 3056 780 3117 Marci
805 3071 918 3118 octavo
940 3056 992 3119 die
1010 3069 1119 3119 contra
1144 3056 1283 3118 eundem
1307 3056 1495 3137 magistrum

237 3159 372 3221 Paulum
397 3159 514 3241 jurabit
537 3180 570 3221 se
601 3162 727 3241 tercius,
760 3162 848 3243 quod
880 3164 986 3244 Ipsum
1016 3163 1049 3223 in
1081 3177 1173 3224 nocte
1197 3147 1237 3224 ad
1270 3173 1407 3224 mortem
1433 3181 1498 3223 non

238 3278 443 3347 expectasset.

343 3373 420 3433 Item
445 3373 520 3454 quia
545 3375 707 3454 quandam
731 3374 859 3436 vineam
884 3376 1021 3436 condam
1051 3373 1180 3436 Andree
1205 3374 1281 3437 dicti
1306 3373 1409 3436 Kozel
1432 3393 1500 3436 ma·

238 3477 335 3558 gister
359 3478 546 3540 Franciscus
569 3478 666 3559 judex
689 3493 842 3561 tanquam
864 3481 1102 3542 commissarius
1126 3499 1183 3561 pro
1207 3481 1369 3562 sexaginta
1386 3480 1501 3542 marcis

238 3583 445 3662 vendidisset,
471 3586 556 3646 Luca
581 3598 688 3647 autem
712 3600 879 3667 tamquam
911 3586 991 3648 alter
1023 3587 1262 3649 commissarius
1285 3605 1343 3668 pro
1374 3598 1500 3668 septua-

238 3689 326 3770 ginta
352 3690 466 3751 marcis
482 3690 688 3770 vendidisset,
713 3711 789 3772 ergo
807 3692 907 3772 Ipsam
923 3692 1048 3755 vineam
1066 3692 1241 3774 proximior
1257 3691 1356 3773 ipsius
1372 3691 1501 3752 Andree

239 3815 298 3877 pro
323 3795 473 3878 predictis
497 3797 698 3878 septuaginta
715 3797 829 3859 marcis
850 3796 1055 3859 denariorum
1072 3799 1207 3860 liberam
1224 3798 1354 3859 habebit
1371 3797 1501 3859 emendi

242 3899 436 3979 facultatem,
461 3921 557 3983 quam
582 3903 807 3964 vendIcionem
833 3903 918 3964 idem
938 3905 1024 3965 Luca
1048 3903 1198 3986 allegavit
1222 3922 1329 3964 coram
1353 3904 1456 3967 nobis.

345 4023 424 4086 ltem
442 4024 557 4086 domus
580 4025 718 4087 condam
742 4025 897 4087 Anthonii
930 4027 1005 4088 dicti
1031 4026 1191 4104 Plathnar,
1213 4026 1354 4087 mediam
1378 4026 1500 4088 curiam

241 4130 470 4208 continentem,
503 4130 542 4191 ad
563 4151 677 4193 manus
702 4130 850 4213 Gregorii
881 4131 957 4193 dicti
984 4152 1096 4194 voscar
1126 4132 1220 4194 statui
1245 4130 1389 4210 fecimus,
1420 4145 1501 4192 tam·

239 4255 336 4318 quam
353 4238 441 4318 prius
464 4237 647 4299 Anthonius
671 4238 908 4299 commissarius
932 4239 1123 4321 Magdalene
1147 4238 1251 4320 puelle
1276 4236 1341 4299 filie
1366 4237 1500 4319 predicti

241 4342 408 4422 Anthonii,
433 4344 694 4406 conservandam.

345 4449 423 4510 Item
460 4448 566 4511 Mathe
599 4449 758 4530 gladiator
796 4463 906 4511 contra
942 4450 1104 4512 Jaklinum
1139 4449 1245 4531 primo
1277 4449 1391 4511 citatus
1434 4469 1500 4511 non

241 4554 431 4634 comparuit.

346 4675 423 4737 Item
447 4677 607 4756 gladiator
632 4677 664 4738 in
689 4678 787 4739 domo
819 4678 951 4740 domiue
975 4678 1069 4740 Clare
1101 4678 1244 4740 residens
1267 4691 1376 4740 contra
1402 4681 1502 4741 Luca·

241 4780 324 4842 sium
349 4781 520 4864 pellificem
545 4796 633 4845 actor
657 4784 795 4847 existens
818 4804 884 4846 non
909 4785 1100 4867 comparuit.

1379 4875 1398 4934 6
