3472 5234
585 320 786 402 Ann01376.
810 358 851 369 -
876 339 924 386 12.
947 325 1110 387 decembris.
1437 350 1475 411 71

319 535 399 597 Item
431 535 585 597 Nicolaus
616 533 701 597 filius
732 535 858 598 Crisani
890 548 1000 598 contra
1032 537 1161 599 Petrum
1192 538 1334 600 secundo
1367 540 1480 602 citatus

214 660 277 703 non
307 641 497 723 comparuit.

320 746 399 808 Item
423 743 582 808 Janchech
606 745 767 809 aurifaber
787 761 897 810 contra
921 748 1089 811 Elizabeth
1106 769 1162 831 per
1186 748 1352 811 domInam
1369 750 1479 812 Betres

213 866 244 914 et
267 852 416 914 Kaukam
440 851 587 914 atestabit
611 865 724 915 octavo
749 852 812 933 die,
837 853 925 934 quod
945 854 1051 937 ipsum
1076 868 1107 916 et
1130 874 1221 916 suam
1245 875 1378 917 uxorem
1396 857 1478 917 vitu-

211 957 380 1042 peraverit.

318 1064 397 1127 Item
422 1064 534 1128 Petrus
557 1077 658 1126 sartor
682 1078 791 1127 contra
824 1065 987 1128 Andream
1012 1080 1126 1129 octavo
1158 1067 1210 1129 die
1234 1067 1352 1149 jurabit
1383 1087 1478 1150 super

211 1191 262 1251 eo,
286 1171 376 1255 quod
401 1171 467 1253 ipse
489 1171 530 1233 ad
554 1171 697 1252 quodam
720 1171 833 1233 vinum
856 1171 955 1233 nichil
979 1173 1161 1236 lucraverit.

320 1277 398 1339 Item
422 1277 639 1359 possessiones
664 1277 749 1338 Iwan
781 1291 812 1339 et
837 1277 985 1359 Gregorii
1010 1279 1058 1340 sui
1090 1280 1226 1361 proximi
1251 1278 1390 1362 privigni
1415 1293 1476 1341 sta·

214 1397 305 1446 tuere
329 1383 447 1446 debent
472 1402 573 1464 usque
598 1383 777 1465 quindenas
801 1383 986 1446 vendendas
1010 1398 1139 1467 propter
1163 1384 1306 1465 quodam
1330 1385 1474 1447 debitum

210 1488 341 1552 domine
359 1489 558 1571 Margarethe
582 1490 690 1551 relicte
713 1489 901 1572 Sabastyani
925 1503 956 1552 et
980 1491 1106 1554 Paulas.

314 1595 393 1658 Item
406 1596 517 1657 Petrus
531 1596 704 1677 Hungarus
711 1609 820 1657 contra
835 1596 950 1657 Paulas
962 1597 1068 1678 primo
1077 1598 1191 1660 citatus
1203 1616 1269 1659 non
1282 1598 1472 1681 comparuit.

317 1701 395 1764 Item
420 1700 557 1763 Iuchech
580 1714 690 1762 contra
714 1702 782 1762 Kus
806 1700 910 1783 primo
934 1701 1047 1764 citatus
1071 1721 1137 1764 non
1161 1703 1351 1784 comparuit.

318 1806 396 1869 Item
423 1805 584 1868 Iohannes
607 1807 761 1885 literatus,
777 1806 922 1868 Andreas
946 1821 976 1869 et
995 1809 1143 1869 Marenus
1166 1808 1272 1890 primo
1296 1808 1382 1870 citati
1406 1828 1471 1870 non

213 1925 460 1995 comparuerunt
484 1925 593 1975 contra
617 1912 773 1975 Jacobum
796 1911 979 1995 pellificem.

317 2019 395 2080 Item
420 2018 538 2080 Paulus
562 2032 671 2081 contra
689 2019 893 2101 Damyanum
910 2020 1051 2083 secundo
1068 2021 1182 2082 citatus
1199 2039 1263 2082 non
1282 2021 1472 2102 comparuit.

315 2125 393 2187 Item
425 2125 503 2187 Iuan
535 2138 644 2187 contra
676 2124 820 2187 Iwanum
852 2127 1085 2208 carpentarium
1116 2126 1222 2208 primo
1258 2127 1371 2189 citatus
1406 2146 1471 2189 non

210 2231 399 2313 comparuit.

313 2336 392 2398 Item
416 2336 590 2420 Matheyko
626 2335 765 2398 carnifex
789 2335 888 2398 Iuano
913 2356 1014 2418 usque
1039 2337 1125 2401 dIem
1152 2338 1285 2400 tercium
1311 2337 1337 2400 C
1363 2351 1394 2399 et
1418 2335 1470 2399 IIII

210 2442 358 2505 denarios
383 2443 547 2506 exsolvere
571 2442 677 2505 debet.

314 2547 392 2611 Item
414 2547 492 2611 Iuan
519 2548 687 2611 Chernech
723 2550 754 2610 in
786 2549 958 2631 quindenis
989 2551 1031 2612 IX
1062 2570 1177 2633 pensas
1201 2564 1231 2612 et
1262 2549 1288 2611 II
1321 2549 1470 2611 denarios

208 2653 371 2716 exsolvere
396 2653 501 2718 debet.

313 2759 391 2822 Item
415 2780 509 2823 causa
534 2762 632 2824 Marci
657 2761 714 2824 filii
739 2762 907 2825 Chernech
932 2775 962 2823 et
985 2763 1128 2844 magistri
1160 2762 1252 2824 Pauli
1277 2776 1323 2824 est
1345 2781 1403 2844 per
1422 2761 1469 2844 ju·

208 2879 293 2928 ratos
317 2865 357 2928 ad
382 2880 454 2929 octo
479 2865 548 2929 dies
571 2881 741 2950 prorogata
765 2867 806 2929 ad
834 2887 958 2950 pacem.

314 2970 393 3034 Item
418 2972 580 3034 Iohannes
611 2973 775 3036 Chemerii
806 2987 915 3037 contra
945 2975 1117 3037 Nicolaum
1141 2974 1265 3037 Odolas
1296 2994 1328 3036 se
1352 2975 1469 3036 tercius

208 3091 238 3139 et
261 3077 402 3139 Brumen
432 3099 465 3140 se
496 3079 655 3140 secundus
687 3093 801 3142 octavo
823 3079 873 3141 die
905 3079 1066 3162 jurabunt,
1099 3080 1187 3162 quod
1211 3100 1303 3142 suam
1334 3099 1467 3142 uxorem

208 3203 272 3246 non
296 3184 533 3266 vituperaverit.

311 3290 390 3352 Item
413 3290 668 3372 adjudicavimus
688 3292 842 3354 laternam
867 3293 975 3355 comiti
993 3293 1072 3355 Wlk
1089 3292 1238 3354 ordinare
1262 3293 1294 3353 in
1319 3293 1393 3354 loco
1410 3312 1465 3353 an·

206 3395 297 3478 tiquo
320 3394 407 3477 juxta
431 3395 565 3458 domum
590 3396 744 3458 Iohannis
771 3396 828 3460 filii
853 3398 948 3460 Petri

313 3502 390 3565 Item
416 3502 493 3564 Iuan
518 3503 664 3565 atestabit
687 3517 801 3565 octavo
833 3503 885 3566 die
915 3525 973 3586 per
994 3505 1161 3567 Vrbanum
1193 3518 1335 3567 sutorem
1359 3518 1390 3567 et
1414 3504 1467 3566 de·

207 3626 321 3670 canum
346 3607 464 3688 Mathe,
489 3608 577 3689 quod
601 3608 754 3671 Nicolaus
778 3610 946 3692 affugasset
969 3611 1075 3692 ipsum
1100 3612 1222 3673 vinum.

296 3840 393 3916 Faria
421 3852 519 3918 sexta
546 3848 701 3935 proxima
730 3854 808 3919 ante
835 3847 958 3919 festum
986 3848 1082 3920 beate
1109 3849 1208 3923 Lucie
1233 3851 1388 3937 virginis.

703 4003 766 4074 (τε.
790 3999 961 4075 decembn's).

310 4136 418 4198 Primo
443 4137 627 4200 Anthonius
651 4137 795 4200 Gallicus
819 4152 929 4201 contra
947 4137 1127 4201 Johannem
1153 4138 1269 4199 Lieber
1292 4138 1399 4221 primo
1424 4141 1466 4202 ci-

206 4253 289 4303 tatus
312 4261 378 4304 non
402 4245 591 4325 comparuit.

311 4347 390 4410 Item
414 4349 567 4411 Nicolaus
591 4363 700 4412 contra
726 4351 900 4413 MartInum
923 4351 1114 4432 Hungarum
1142 4351 1247 4432 prImo
1272 4350 1384 4412 citatus
1401 4370 1466 4413 non

207 4454 395 4536 comparuit.
520 4443 524 4448 ’

310 4559 388 4622 Item
413 4581 506 4622 causa
532 4562 673 4643 magistri
705 4562 860 4624 Iohannis
892 4562 996 4644 Crispi
1030 4576 1060 4624 et
1086 4563 1183 4625 Marci
1215 4561 1272 4624 filii
1306 4562 1466 4625 Leonardi

205 4677 252 4727 eet
281 4684 338 4748 per
368 4665 490 4748 judices
512 4681 584 4750 post
607 4668 781 4730 adventum
806 4667 929 4730 domini
958 4669 1124 4731 JacomeIli
1154 4668 1195 4731 ad
1219 4669 1360 4751 prImum
1383 4669 1465 4750 judi-

206 4771 291 4833 cium
315 4785 484 4854 prorogata
509 4773 637 4835 racione
661 4773 828 4835 cuiusdam
852 4775 923 4836 orti.
