<?xml version="1.0" encoding="UTF-8"?>
<!DOCTYPE html PUBLIC "-//W3C//DTD XHTML 1.0 Transitional//EN"
    "http://www.w3.org/TR/xhtml1/DTD/xhtml1-transitional.dtd">
<html xmlns="http://www.w3.org/1999/xhtml" xml:lang="en" lang="en">
 <head>
  <title>
</title>
<meta http-equiv="Content-Type" content="text/html;charset=utf-8" />
  <meta name='ocr-system' content='tesseract 3.04.00' />
  <meta name='ocr-capabilities' content='ocr_page ocr_carea ocr_par ocr_line ocrx_word'/>
</head>
<body>
  <div class='ocr_page' id='page_1' title='image "./monumentahistor09laszgoog/monumentahistor09laszgoog_0151.png"; bbox 0 0 3472 5234; ppageno 0'>
   <div class='ocr_carea' id='block_1_1' title="bbox 230 295 1514 4840">
    <p class='ocr_par' dir='ltr' id='par_1_1' title="bbox 619 295 1512 375">
     <span class='ocr_line' id='line_1_1' title="bbox 619 295 1512 375; baseline 0.007 -25"><span class='ocrx_word' id='word_1_1' title='bbox 619 295 816 369; x_wconf 78' lang='lat' dir='ltr'>Ann01377.</span> <span class='ocrx_word' id='word_1_2' title='bbox 843 327 883 336; x_wconf 88' lang='lat'><em>-</em></span> <span class='ocrx_word' id='word_1_3' title='bbox 910 309 935 354; x_wconf 80' lang='lat'>1.</span> <span class='ocrx_word' id='word_1_4' title='bbox 959 295 1131 369; x_wconf 79' lang='lat' dir='ltr'><em>septembris.</em></span> <span class='ocrx_word' id='word_1_5' title='bbox 1457 314 1512 375; x_wconf 88' lang='lat'>103</span> 
     </span>
    </p>

    <p class='ocr_par' dir='ltr' id='par_1_2' title="bbox 248 501 1514 886">
     <span class='ocr_line' id='line_1_2' title="bbox 353 501 1512 588; baseline 0.003 -24"><span class='ocrx_word' id='word_1_6' title='bbox 353 503 432 566; x_wconf 86' lang='lat' dir='ltr'>Item</span> <span class='ocrx_word' id='word_1_7' title='bbox 457 505 594 566; x_wconf 91' lang='lat' dir='ltr'>Iacobus</span> <span class='ocrx_word' id='word_1_8' title='bbox 617 501 747 587; x_wconf 81' lang='lat' dir='ltr'>pellifex</span> <span class='ocrx_word' id='word_1_9' title='bbox 773 516 884 566; x_wconf 88' lang='lat' dir='ltr'>contra</span> <span class='ocrx_word' id='word_1_10' title='bbox 902 505 1096 587; x_wconf 78' lang='lat' dir='ltr'>GregorIum</span> <span class='ocrx_word' id='word_1_11' title='bbox 1125 503 1203 566; x_wconf 86' lang='lat' dir='ltr'>feria</span> <span class='ocrx_word' id='word_1_12' title='bbox 1226 519 1314 567; x_wconf 89' lang='lat' dir='ltr'>sexta</span> <span class='ocrx_word' id='word_1_13' title='bbox 1338 525 1423 567; x_wconf 89' lang='lat' dir='ltr'>nunc</span> <span class='ocrx_word' id='word_1_14' title='bbox 1439 526 1512 588; x_wconf 93' lang='lat' dir='ltr'>pro·</span> 
     </span>
     <span class='ocr_line' id='line_1_3' title="bbox 249 610 1514 693; baseline 0.002 -22"><span class='ocrx_word' id='word_1_15' title='bbox 249 610 334 672; x_wconf 83' lang='lat' dir='ltr'>xime</span> <span class='ocrx_word' id='word_1_16' title='bbox 359 624 492 673; x_wconf 89' lang='lat' dir='ltr'>ventura</span> <span class='ocrx_word' id='word_1_17' title='bbox 517 611 635 693; x_wconf 89' lang='lat' dir='ltr'>jurabit</span> <span class='ocrx_word' id='word_1_18' title='bbox 658 630 690 672; x_wconf 90' lang='lat' dir='ltr'>se</span> <span class='ocrx_word' id='word_1_19' title='bbox 715 610 831 673; x_wconf 89' lang='lat' dir='ltr'>tercius</span> <span class='ocrx_word' id='word_1_20' title='bbox 855 611 959 690; x_wconf 91' lang='lat' dir='ltr'>ineo,</span> <span class='ocrx_word' id='word_1_21' title='bbox 983 611 1072 693; x_wconf 89' lang='lat' dir='ltr'>quod</span> <span class='ocrx_word' id='word_1_22' title='bbox 1097 611 1164 693; x_wconf 92' lang='lat' dir='ltr'>ipse</span> <span class='ocrx_word' id='word_1_23' title='bbox 1188 611 1248 672; x_wconf 89' lang='lat' dir='ltr'>sibi</span> <span class='ocrx_word' id='word_1_24' title='bbox 1273 612 1305 672; x_wconf 92' lang='lat' dir='ltr'>in</span> <span class='ocrx_word' id='word_1_25' title='bbox 1329 631 1383 672; x_wconf 91' lang='lat' dir='ltr'>sex</span> <span class='ocrx_word' id='word_1_26' title='bbox 1399 613 1514 674; x_wconf 90' lang='lat' dir='ltr'>marcis</span> 
     </span>
     <span class='ocr_line' id='line_1_4' title="bbox 249 717 1512 801; baseline 0.002 -23"><span class='ocrx_word' id='word_1_27' title='bbox 249 717 417 780; x_wconf 91' lang='lat' dir='ltr'>Modrusse</span> <span class='ocrx_word' id='word_1_28' title='bbox 441 718 567 779; x_wconf 91' lang='lat' dir='ltr'>nullum</span> <span class='ocrx_word' id='word_1_29' title='bbox 601 717 778 800; x_wconf 89' lang='lat' dir='ltr'>dampnum</span> <span class='ocrx_word' id='word_1_30' title='bbox 811 718 982 779; x_wconf 88' lang='lat' dir='ltr'>iutullisset</span> <span class='ocrx_word' id='word_1_31' title='bbox 1011 738 1068 801; x_wconf 91' lang='lat' dir='ltr'>per</span> <span class='ocrx_word' id='word_1_32' title='bbox 1092 737 1182 779; x_wconf 88' lang='lat' dir='ltr'>suam</span> <span class='ocrx_word' id='word_1_33' title='bbox 1213 718 1436 780; x_wconf 88' lang='lat' dir='ltr'>acusacionem</span> <span class='ocrx_word' id='word_1_34' title='bbox 1461 719 1512 780; x_wconf 90' lang='lat' dir='ltr'>vel</span> 
     </span>
     <span class='ocr_line' id='line_1_5' title="bbox 248 822 669 886; baseline 0.007 -3"><span class='ocrx_word' id='word_1_35' title='bbox 248 822 474 886; x_wconf 76' lang='lat' dir='ltr'>inductionem</span> <span class='ocrx_word' id='word_1_36' title='bbox 498 824 669 886; x_wconf 90' lang='lat' dir='ltr'>tributarii.</span> 
     </span>
    </p>

    <p class='ocr_par' dir='ltr' id='par_1_3' title="bbox 246 929 1512 1119">
     <span class='ocr_line' id='line_1_6' title="bbox 351 929 1512 1014; baseline 0.002 -23"><span class='ocrx_word' id='word_1_37' title='bbox 351 930 430 991; x_wconf 85' lang='lat' dir='ltr'><strong>Item</strong></span> <span class='ocrx_word' id='word_1_38' title='bbox 451 931 604 993; x_wconf 89' lang='lat' dir='ltr'>Nicolaus</span> <span class='ocrx_word' id='word_1_39' title='bbox 620 930 747 992; x_wconf 86' lang='lat' dir='ltr'>Crisani</span> <span class='ocrx_word' id='word_1_40' title='bbox 764 943 875 993; x_wconf 90' lang='lat' dir='ltr'>contra</span> <span class='ocrx_word' id='word_1_41' title='bbox 892 929 1094 1014; x_wconf 87' lang='lat' dir='ltr'>Mychaelem</span> <span class='ocrx_word' id='word_1_42' title='bbox 1111 929 1250 1012; x_wconf 85' lang='lat' dir='ltr'>juratum</span> <span class='ocrx_word' id='word_1_43' title='bbox 1267 931 1373 1013; x_wconf 92' lang='lat' dir='ltr'>primo</span> <span class='ocrx_word' id='word_1_44' title='bbox 1397 931 1512 994; x_wconf 87' lang='lat' dir='ltr'>citatus</span> 
     </span>
     <span class='ocr_line' id='line_1_7' title="bbox 246 1036 529 1119; baseline 0.014 -24"><span class='ocrx_word' id='word_1_45' title='bbox 246 1052 311 1096; x_wconf 90' lang='lat' dir='ltr'>non</span> <span class='ocrx_word' id='word_1_46' title='bbox 340 1036 529 1119; x_wconf 82' lang='lat' dir='ltr'>comparuit.</span> 
     </span>
    </p>

    <p class='ocr_par' dir='ltr' id='par_1_4' title="bbox 351 1141 1394 1225">
     <span class='ocr_line' id='line_1_8' title="bbox 351 1141 1394 1225; baseline 0.002 -23"><span class='ocrx_word' id='word_1_47' title='bbox 351 1141 429 1203; x_wconf 85' lang='lat' dir='ltr'>Item</span> <span class='ocrx_word' id='word_1_48' title='bbox 456 1142 569 1204; x_wconf 89' lang='lat' dir='ltr'>Petrus</span> <span class='ocrx_word' id='word_1_49' title='bbox 592 1156 703 1205; x_wconf 88' lang='lat' dir='ltr'>contra</span> <span class='ocrx_word' id='word_1_50' title='bbox 727 1143 875 1204; x_wconf 89' lang='lat' dir='ltr'>Markum</span> <span class='ocrx_word' id='word_1_51' title='bbox 900 1142 1007 1224; x_wconf 87' lang='lat' dir='ltr'>prImo</span> <span class='ocrx_word' id='word_1_52' title='bbox 1030 1141 1151 1223; x_wconf 85' lang='lat' dir='ltr'>judicio</span> <span class='ocrx_word' id='word_1_53' title='bbox 1176 1142 1394 1225; x_wconf 84' lang='lat' dir='ltr'>respondebit.</span> 
     </span>
    </p>

    <p class='ocr_par' dir='ltr' id='par_1_5' title="bbox 246 1247 1511 1437">
     <span class='ocr_line' id='line_1_9' title="bbox 352 1247 1511 1331; baseline 0.002 -22"><span class='ocrx_word' id='word_1_54' title='bbox 352 1247 429 1310; x_wconf 91' lang='lat' dir='ltr'>Item</span> <span class='ocrx_word' id='word_1_55' title='bbox 455 1248 603 1331; x_wconf 87' lang='lat' dir='ltr'>Mychael</span> <span class='ocrx_word' id='word_1_56' title='bbox 635 1247 755 1331; x_wconf 84' lang='lat' dir='ltr'>juratus</span> <span class='ocrx_word' id='word_1_57' title='bbox 787 1262 896 1310; x_wconf 88' lang='lat' dir='ltr'>contra</span> <span class='ocrx_word' id='word_1_58' title='bbox 929 1248 1054 1310; x_wconf 81' lang='lat' dir='ltr'>Fratres</span> <span class='ocrx_word' id='word_1_59' title='bbox 1086 1249 1227 1311; x_wconf 91' lang='lat' dir='ltr'>minores</span> <span class='ocrx_word' id='word_1_60' title='bbox 1257 1248 1363 1331; x_wconf 80' lang='lat' dir='ltr'>prImo</span> <span class='ocrx_word' id='word_1_61' title='bbox 1397 1249 1511 1311; x_wconf 89' lang='lat' dir='ltr'>citatus</span> 
     </span>
     <span class='ocr_line' id='line_1_10' title="bbox 246 1355 529 1437; baseline 0.011 -23"><span class='ocrx_word' id='word_1_62' title='bbox 246 1371 311 1415; x_wconf 91' lang='lat' dir='ltr'>nou</span> <span class='ocrx_word' id='word_1_63' title='bbox 339 1355 529 1437; x_wconf 88' lang='lat' dir='ltr'>comparuit.</span> 
     </span>
    </p>

    <p class='ocr_par' dir='ltr' id='par_1_6' title="bbox 245 1459 1510 1650">
     <span class='ocr_line' id='line_1_11' title="bbox 353 1459 1510 1544; baseline 0.001 -23"><span class='ocrx_word' id='word_1_64' title='bbox 353 1460 431 1522; x_wconf 91' lang='lat' dir='ltr'>Item</span> <span class='ocrx_word' id='word_1_65' title='bbox 450 1459 626 1541; x_wconf 80' lang='lat' dir='ltr'>Gregorius</span> <span class='ocrx_word' id='word_1_66' title='bbox 642 1460 727 1524; x_wconf 86' lang='lat' dir='ltr'>filius</span> <span class='ocrx_word' id='word_1_67' title='bbox 744 1461 897 1544; x_wconf 83' lang='lat' dir='ltr'>Stephani</span> <span class='ocrx_word' id='word_1_68' title='bbox 923 1461 998 1523; x_wconf 92' lang='lat' dir='ltr'>dicti</span> <span class='ocrx_word' id='word_1_69' title='bbox 1016 1460 1162 1522; x_wconf 91' lang='lat' dir='ltr'>Pundich</span> <span class='ocrx_word' id='word_1_70' title='bbox 1179 1474 1289 1522; x_wconf 88' lang='lat' dir='ltr'>contra</span> <span class='ocrx_word' id='word_1_71' title='bbox 1306 1460 1510 1524; x_wconf 86' lang='lat' dir='ltr'>Clementem</span> 
     </span>
     <span class='ocr_line' id='line_1_12' title="bbox 245 1563 1298 1650; baseline 0.004 -24"><span class='ocrx_word' id='word_1_72' title='bbox 245 1563 436 1627; x_wconf 83' lang='lat' dir='ltr'>familiarem</span> <span class='ocrx_word' id='word_1_73' title='bbox 461 1565 586 1629; x_wconf 89' lang='lat' dir='ltr'>domini</span> <span class='ocrx_word' id='word_1_74' title='bbox 610 1567 728 1630; x_wconf 90' lang='lat' dir='ltr'>Donati</span> <span class='ocrx_word' id='word_1_75' title='bbox 753 1568 858 1650; x_wconf 78' lang='lat' dir='ltr'>prImo</span> <span class='ocrx_word' id='word_1_76' title='bbox 882 1567 995 1629; x_wconf 90' lang='lat' dir='ltr'>citatus</span> <span class='ocrx_word' id='word_1_77' title='bbox 1019 1586 1083 1628; x_wconf 91' lang='lat' dir='ltr'>non</span> <span class='ocrx_word' id='word_1_78' title='bbox 1108 1568 1298 1649; x_wconf 86' lang='lat' dir='ltr'>comparuit.</span> 
     </span>
    </p>

    <p class='ocr_par' dir='ltr' id='par_1_7' title="bbox 243 1673 1507 1862">
     <span class='ocr_line' id='line_1_13' title="bbox 349 1673 1507 1757; baseline 0.003 -23"><span class='ocrx_word' id='word_1_79' title='bbox 349 1673 428 1735; x_wconf 91' lang='lat' dir='ltr'>Item</span> <span class='ocrx_word' id='word_1_80' title='bbox 452 1674 537 1735; x_wconf 89' lang='lat' dir='ltr'>Iwan</span> <span class='ocrx_word' id='word_1_81' title='bbox 562 1686 592 1736; x_wconf 91' lang='lat' dir='ltr'>et</span> <span class='ocrx_word' id='word_1_82' title='bbox 609 1674 762 1737; x_wconf 90' lang='lat' dir='ltr'>Nicolaus</span> <span class='ocrx_word' id='word_1_83' title='bbox 785 1674 975 1757; x_wconf 92' lang='lat' dir='ltr'>carpentarii</span> <span class='ocrx_word' id='word_1_84' title='bbox 997 1687 1106 1735; x_wconf 92' lang='lat' dir='ltr'>contra</span> <span class='ocrx_word' id='word_1_85' title='bbox 1124 1675 1292 1735; x_wconf 89' lang='lat' dir='ltr'>Marenum</span> <span class='ocrx_word' id='word_1_86' title='bbox 1317 1673 1507 1737; x_wconf 85' lang='lat' dir='ltr'>familiarem</span> 
     </span>
     <span class='ocr_line' id='line_1_14' title="bbox 243 1777 1296 1862; baseline 0.006 -24"><span class='ocrx_word' id='word_1_87' title='bbox 243 1777 353 1842; x_wconf 90' lang='lat' dir='ltr'>relicte</span> <span class='ocrx_word' id='word_1_88' title='bbox 378 1779 541 1842; x_wconf 89' lang='lat' dir='ltr'>Bartuchii</span> <span class='ocrx_word' id='word_1_89' title='bbox 566 1779 643 1843; x_wconf 87' lang='lat' dir='ltr'>feria</span> <span class='ocrx_word' id='word_1_90' title='bbox 667 1795 753 1843; x_wconf 86' lang='lat' dir='ltr'>sexta</span> <span class='ocrx_word' id='word_1_91' title='bbox 778 1801 863 1842; x_wconf 91' lang='lat' dir='ltr'>nuuc</span> <span class='ocrx_word' id='word_1_92' title='bbox 891 1794 1023 1842; x_wconf 87' lang='lat' dir='ltr'>ventura</span> <span class='ocrx_word' id='word_1_93' title='bbox 1046 1780 1296 1862; x_wconf 87' lang='lat' dir='ltr'>respondebunt.</span> 
     </span>
    </p>

    <p class='ocr_par' dir='ltr' id='par_1_8' title="bbox 241 1885 1507 2075">
     <span class='ocr_line' id='line_1_15' title="bbox 351 1885 1507 1970; baseline 0.002 -24"><span class='ocrx_word' id='word_1_94' title='bbox 351 1886 429 1948; x_wconf 91' lang='lat' dir='ltr'>Item</span> <span class='ocrx_word' id='word_1_95' title='bbox 464 1886 622 1949; x_wconf 89' lang='lat' dir='ltr'>Martinus</span> <span class='ocrx_word' id='word_1_96' title='bbox 653 1886 823 1969; x_wconf 88' lang='lat' dir='ltr'>Zequirich</span> <span class='ocrx_word' id='word_1_97' title='bbox 855 1900 965 1949; x_wconf 92' lang='lat' dir='ltr'>contra</span> <span class='ocrx_word' id='word_1_98' title='bbox 997 1887 1131 1948; x_wconf 91' lang='lat' dir='ltr'>Iuanum</span> <span class='ocrx_word' id='word_1_99' title='bbox 1163 1887 1397 1970; x_wconf 90' lang='lat' dir='ltr'>carpentarium</span> <span class='ocrx_word' id='word_1_100' title='bbox 1428 1885 1507 1949; x_wconf 90' lang='lat' dir='ltr'>feria</span> 
     </span>
     <span class='ocr_line' id='line_1_16' title="bbox 241 1992 1006 2075; baseline 0.004 -24"><span class='ocrx_word' id='word_1_101' title='bbox 241 2003 327 2053; x_wconf 87' lang='lat' dir='ltr'>sexta</span> <span class='ocrx_word' id='word_1_102' title='bbox 352 2012 437 2054; x_wconf 89' lang='lat' dir='ltr'>nunc</span> <span class='ocrx_word' id='word_1_103' title='bbox 461 1993 606 2075; x_wconf 86' lang='lat' dir='ltr'>proxime</span> <span class='ocrx_word' id='word_1_104' title='bbox 631 2007 764 2056; x_wconf 86' lang='lat' dir='ltr'>ventura</span> <span class='ocrx_word' id='word_1_105' title='bbox 788 1992 1006 2075; x_wconf 85' lang='lat' dir='ltr'>respondebit.</span> 
     </span>
    </p>

    <p class='ocr_par' dir='ltr' id='par_1_9' title="bbox 242 2098 1506 2287">
     <span class='ocr_line' id='line_1_17' title="bbox 346 2098 1506 2183; baseline 0.002 -24"><span class='ocrx_word' id='word_1_106' title='bbox 346 2098 427 2161; x_wconf 89' lang='lat' dir='ltr'>Item</span> <span class='ocrx_word' id='word_1_107' title='bbox 451 2098 580 2162; x_wconf 89' lang='lat' dir='ltr'>Cussilo</span> <span class='ocrx_word' id='word_1_108' title='bbox 610 2099 694 2160; x_wconf 88' lang='lat' dir='ltr'>filius</span> <span class='ocrx_word' id='word_1_109' title='bbox 725 2100 877 2181; x_wconf 88' lang='lat' dir='ltr'>Nandrag</span> <span class='ocrx_word' id='word_1_110' title='bbox 908 2112 1018 2161; x_wconf 90' lang='lat' dir='ltr'>contra</span> <span class='ocrx_word' id='word_1_111' title='bbox 1050 2099 1224 2162; x_wconf 82' lang='lat' dir='ltr'>MartInum</span> <span class='ocrx_word' id='word_1_112' title='bbox 1255 2100 1361 2183; x_wconf 84' lang='lat' dir='ltr'>prImo</span> <span class='ocrx_word' id='word_1_113' title='bbox 1392 2099 1506 2161; x_wconf 87' lang='lat' dir='ltr'>citatus</span> 
     </span>
     <span class='ocr_line' id='line_1_18' title="bbox 242 2205 522 2287; baseline 0.018 -24"><span class='ocrx_word' id='word_1_114' title='bbox 242 2222 307 2265; x_wconf 92' lang='lat' dir='ltr'>non</span> <span class='ocrx_word' id='word_1_115' title='bbox 332 2205 522 2287; x_wconf 90' lang='lat' dir='ltr'>comparuit.</span> 
     </span>
    </p>

    <p class='ocr_par' dir='ltr' id='par_1_10' title="bbox 239 2309 1503 2500">
     <span class='ocr_line' id='line_1_19' title="bbox 346 2309 1503 2394; baseline 0.002 -22"><span class='ocrx_word' id='word_1_116' title='bbox 346 2309 424 2373; x_wconf 90' lang='lat' dir='ltr'>Item</span> <span class='ocrx_word' id='word_1_117' title='bbox 451 2331 544 2373; x_wconf 91' lang='lat' dir='ltr'>causa</span> <span class='ocrx_word' id='word_1_118' title='bbox 568 2311 721 2373; x_wconf 87' lang='lat' dir='ltr'>Peterlini</span> <span class='ocrx_word' id='word_1_119' title='bbox 747 2325 856 2374; x_wconf 90' lang='lat' dir='ltr'>contra</span> <span class='ocrx_word' id='word_1_120' title='bbox 875 2313 951 2373; x_wconf 92' lang='lat' dir='ltr'>Iuan</span> <span class='ocrx_word' id='word_1_121' title='bbox 976 2326 1007 2374; x_wconf 93' lang='lat' dir='ltr'>et</span> <span class='ocrx_word' id='word_1_122' title='bbox 1027 2312 1156 2374; x_wconf 88' lang='lat' dir='ltr'>Petrum</span> <span class='ocrx_word' id='word_1_123' title='bbox 1182 2324 1229 2373; x_wconf 88' lang='lat' dir='ltr'>est</span> <span class='ocrx_word' id='word_1_124' title='bbox 1251 2332 1308 2394; x_wconf 89' lang='lat' dir='ltr'>per</span> <span class='ocrx_word' id='word_1_125' title='bbox 1331 2311 1503 2374; x_wconf 90' lang='lat' dir='ltr'>Nicolaum</span> 
     </span>
     <span class='ocr_line' id='line_1_20' title="bbox 239 2414 1364 2500; baseline 0.005 -25"><span class='ocrx_word' id='word_1_126' title='bbox 239 2414 357 2478; x_wconf 90' lang='lat' dir='ltr'>Mahne</span> <span class='ocrx_word' id='word_1_127' title='bbox 380 2417 421 2478; x_wconf 98' lang='lat' dir='ltr'>ad</span> <span class='ocrx_word' id='word_1_128' title='bbox 445 2415 557 2479; x_wconf 90' lang='lat' dir='ltr'>feriam</span> <span class='ocrx_word' id='word_1_129' title='bbox 583 2431 704 2480; x_wconf 85' lang='lat' dir='ltr'>sextam</span> <span class='ocrx_word' id='word_1_130' title='bbox 729 2438 813 2480; x_wconf 91' lang='lat' dir='ltr'>nunc</span> <span class='ocrx_word' id='word_1_131' title='bbox 836 2431 1003 2480; x_wconf 88' lang='lat' dir='ltr'>venturam</span> <span class='ocrx_word' id='word_1_132' title='bbox 1029 2431 1154 2500; x_wconf 91' lang='lat' dir='ltr'>recepta</span> <span class='ocrx_word' id='word_1_133' title='bbox 1178 2418 1217 2479; x_wconf 91' lang='lat' dir='ltr'>ad</span> <span class='ocrx_word' id='word_1_134' title='bbox 1241 2437 1364 2500; x_wconf 89' lang='lat' dir='ltr'>pacem.</span> 
     </span>
    </p>

    <p class='ocr_par' dir='ltr' id='par_1_11' title="bbox 237 2523 1502 2821">
     <span class='ocr_line' id='line_1_21' title="bbox 344 2523 1502 2605; baseline 0.002 -20"><span class='ocrx_word' id='word_1_135' title='bbox 344 2524 423 2586; x_wconf 89' lang='lat' dir='ltr'>Item</span> <span class='ocrx_word' id='word_1_136' title='bbox 447 2525 571 2586; x_wconf 78' lang='lat' dir='ltr'>Matina</span> <span class='ocrx_word' id='word_1_137' title='bbox 595 2539 704 2586; x_wconf 90' lang='lat' dir='ltr'>contra</span> <span class='ocrx_word' id='word_1_138' title='bbox 730 2525 909 2587; x_wconf 85' lang='lat' dir='ltr'>Iohannem</span> <span class='ocrx_word' id='word_1_139' title='bbox 933 2525 1053 2586; x_wconf 89' lang='lat' dir='ltr'>vozdar</span> <span class='ocrx_word' id='word_1_140' title='bbox 1085 2524 1163 2586; x_wconf 83' lang='lat' dir='ltr'>ferIa</span> <span class='ocrx_word' id='word_1_141' title='bbox 1187 2537 1272 2585; x_wconf 90' lang='lat' dir='ltr'>sexta</span> <span class='ocrx_word' id='word_1_142' title='bbox 1296 2523 1413 2605; x_wconf 89' lang='lat' dir='ltr'>jurabit</span> <span class='ocrx_word' id='word_1_143' title='bbox 1434 2524 1502 2587; x_wconf 92' lang='lat' dir='ltr'>sola</span> 
     </span>
     <span class='ocr_line' id='line_1_22' title="bbox 237 2630 1500 2713; baseline 0.001 -22"><span class='ocrx_word' id='word_1_144' title='bbox 237 2650 374 2713; x_wconf 86' lang='lat' dir='ltr'>persona</span> <span class='ocrx_word' id='word_1_145' title='bbox 398 2631 431 2692; x_wconf 91' lang='lat' dir='ltr'>in</span> <span class='ocrx_word' id='word_1_146' title='bbox 455 2650 506 2710; x_wconf 89' lang='lat' dir='ltr'>e0,</span> <span class='ocrx_word' id='word_1_147' title='bbox 530 2630 619 2713; x_wconf 89' lang='lat' dir='ltr'>quod</span> <span class='ocrx_word' id='word_1_148' title='bbox 647 2632 714 2713; x_wconf 82' lang='lat' dir='ltr'>Ipsa</span> <span class='ocrx_word' id='word_1_149' title='bbox 748 2631 875 2693; x_wconf 91' lang='lat' dir='ltr'>nullum</span> <span class='ocrx_word' id='word_1_150' title='bbox 906 2630 1146 2692; x_wconf 84' lang='lat' dir='ltr'>malefactorem</span> <span class='ocrx_word' id='word_1_151' title='bbox 1171 2631 1211 2691; x_wconf 93' lang='lat' dir='ltr'>ad</span> <span class='ocrx_word' id='word_1_152' title='bbox 1243 2630 1378 2692; x_wconf 90' lang='lat' dir='ltr'>domum</span> <span class='ocrx_word' id='word_1_153' title='bbox 1410 2651 1500 2692; x_wconf 90' lang='lat' dir='ltr'>suam</span> 
     </span>
     <span class='ocr_line' id='line_1_23' title="bbox 238 2737 1237 2821; baseline 0 -24"><span class='ocrx_word' id='word_1_154' title='bbox 238 2737 341 2800; x_wconf 89' lang='lat' dir='ltr'>noctis</span> <span class='ocrx_word' id='word_1_155' title='bbox 365 2737 398 2799; x_wconf 92' lang='lat' dir='ltr'>in</span> <span class='ocrx_word' id='word_1_156' title='bbox 422 2738 556 2799; x_wconf 85' lang='lat' dir='ltr'>silencio</span> <span class='ocrx_word' id='word_1_157' title='bbox 580 2738 707 2800; x_wconf 87' lang='lat' dir='ltr'>malicia</span> <span class='ocrx_word' id='word_1_158' title='bbox 734 2738 928 2821; x_wconf 87' lang='lat' dir='ltr'>precogitata</span> <span class='ocrx_word' id='word_1_159' title='bbox 953 2757 1018 2798; x_wconf 91' lang='lat' dir='ltr'>non</span> <span class='ocrx_word' id='word_1_160' title='bbox 1043 2737 1237 2798; x_wconf 83' lang='lat' dir='ltr'>adduxisset.</span> 
     </span>
    </p>

    <p class='ocr_par' dir='ltr' id='par_1_12' title="bbox 347 2843 1500 2927">
     <span class='ocr_line' id='line_1_24' title="bbox 347 2843 1500 2927; baseline 0.003 -23"><span class='ocrx_word' id='word_1_161' title='bbox 347 2844 424 2906; x_wconf 91' lang='lat' dir='ltr'>Item</span> <span class='ocrx_word' id='word_1_162' title='bbox 450 2845 561 2905; x_wconf 89' lang='lat' dir='ltr'>Petrus</span> <span class='ocrx_word' id='word_1_163' title='bbox 585 2859 694 2906; x_wconf 88' lang='lat' dir='ltr'>contra</span> <span class='ocrx_word' id='word_1_164' title='bbox 719 2844 877 2905; x_wconf 79' lang='lat' dir='ltr'>Marinum</span> <span class='ocrx_word' id='word_1_165' title='bbox 902 2843 1044 2905; x_wconf 90' lang='lat' dir='ltr'>secundo</span> <span class='ocrx_word' id='word_1_166' title='bbox 1076 2843 1190 2905; x_wconf 89' lang='lat' dir='ltr'>citatus</span> <span class='ocrx_word' id='word_1_167' title='bbox 1221 2862 1287 2904; x_wconf 91' lang='lat' dir='ltr'>non</span> <span class='ocrx_word' id='word_1_168' title='bbox 1311 2845 1500 2927; x_wconf 90' lang='lat' dir='ltr'>comparuit.</span> 
     </span>
    </p>

    <p class='ocr_par' dir='ltr' id='par_1_13' title="bbox 238 2948 1500 3138">
     <span class='ocr_line' id='line_1_25' title="bbox 344 2948 1500 3031; baseline 0 -20"><span class='ocrx_word' id='word_1_169' title='bbox 344 2950 421 3012; x_wconf 90' lang='lat' dir='ltr'>Item</span> <span class='ocrx_word' id='word_1_170' title='bbox 454 2951 619 3012; x_wconf 89' lang='lat' dir='ltr'>Emericus</span> <span class='ocrx_word' id='word_1_171' title='bbox 654 2949 742 3012; x_wconf 92' lang='lat' dir='ltr'>faber</span> <span class='ocrx_word' id='word_1_172' title='bbox 779 2964 888 3012; x_wconf 90' lang='lat' dir='ltr'>contra</span> <span class='ocrx_word' id='word_1_173' title='bbox 924 2948 1117 3030; x_wconf 82' lang='lat' dir='ltr'>GregorIum</span> <span class='ocrx_word' id='word_1_174' title='bbox 1149 2948 1254 3031; x_wconf 77' lang='lat' dir='ltr'>pslmo</span> <span class='ocrx_word' id='word_1_175' title='bbox 1287 2950 1400 3011; x_wconf 85' lang='lat' dir='ltr'>citatus</span> <span class='ocrx_word' id='word_1_176' title='bbox 1435 2970 1500 3012; x_wconf 93' lang='lat' dir='ltr'>non</span> 
     </span>
     <span class='ocr_line' id='line_1_26' title="bbox 238 3057 427 3138; baseline 0.011 -21"><span class='ocrx_word' id='word_1_177' title='bbox 238 3057 427 3138; x_wconf 91' lang='lat' dir='ltr'>comparuit.</span> 
     </span>
    </p>

    <p class='ocr_par' dir='ltr' id='par_1_14' title="bbox 236 3160 1499 3351">
     <span class='ocr_line' id='line_1_27' title="bbox 342 3160 1499 3245; baseline 0.001 -21"><span class='ocrx_word' id='word_1_178' title='bbox 342 3162 420 3224; x_wconf 91' lang='lat' dir='ltr'>Item</span> <span class='ocrx_word' id='word_1_179' title='bbox 458 3161 618 3244; x_wconf 87' lang='lat' dir='ltr'>Georgius</span> <span class='ocrx_word' id='word_1_180' title='bbox 653 3176 762 3224; x_wconf 90' lang='lat' dir='ltr'>contra</span> <span class='ocrx_word' id='word_1_181' title='bbox 807 3162 936 3225; x_wconf 89' lang='lat' dir='ltr'>Petrum</span> <span class='ocrx_word' id='word_1_182' title='bbox 975 3160 1110 3243; x_wconf 87' lang='lat' dir='ltr'>longum</span> <span class='ocrx_word' id='word_1_183' title='bbox 1145 3162 1250 3245; x_wconf 93' lang='lat' dir='ltr'>primo</span> <span class='ocrx_word' id='word_1_184' title='bbox 1285 3163 1399 3225; x_wconf 87' lang='lat' dir='ltr'>citatus</span> <span class='ocrx_word' id='word_1_185' title='bbox 1434 3182 1499 3226; x_wconf 91' lang='lat' dir='ltr'>non</span> 
     </span>
     <span class='ocr_line' id='line_1_28' title="bbox 236 3269 425 3351; baseline 0.016 -22"><span class='ocrx_word' id='word_1_186' title='bbox 236 3269 425 3351; x_wconf 91' lang='lat' dir='ltr'>comparuit.</span> 
     </span>
    </p>

    <p class='ocr_par' dir='ltr' id='par_1_15' title="bbox 234 3373 1499 3651">
     <span class='ocr_line' id='line_1_29' title="bbox 341 3373 1499 3461; baseline 0.004 -27"><span class='ocrx_word' id='word_1_187' title='bbox 341 3374 419 3435; x_wconf 90' lang='lat' dir='ltr'>Item</span> <span class='ocrx_word' id='word_1_188' title='bbox 446 3374 522 3437; x_wconf 90' lang='lat' dir='ltr'>luan</span> <span class='ocrx_word' id='word_1_189' title='bbox 547 3388 656 3437; x_wconf 91' lang='lat' dir='ltr'>contra</span> <span class='ocrx_word' id='word_1_190' title='bbox 682 3373 875 3461; x_wconf 82' lang='lat' dir='ltr'>Gregorium</span> <span class='ocrx_word' id='word_1_191' title='bbox 901 3394 1022 3437; x_wconf 89' lang='lat' dir='ltr'>woscar</span> <span class='ocrx_word' id='word_1_192' title='bbox 1053 3387 1126 3457; x_wconf 84' lang='lat' dir='ltr'>post</span> <span class='ocrx_word' id='word_1_193' title='bbox 1148 3394 1242 3436; x_wconf 88' lang='lat' dir='ltr'>suum</span> <span class='ocrx_word' id='word_1_194' title='bbox 1267 3376 1441 3438; x_wconf 87' lang='lat' dir='ltr'>adventum</span> <span class='ocrx_word' id='word_1_195' title='bbox 1465 3397 1499 3439; x_wconf 86' lang='lat' dir='ltr'>se</span> 
     </span>
     <span class='ocr_line' id='line_1_30' title="bbox 234 3479 1498 3566; baseline 0.003 -24"><span class='ocrx_word' id='word_1_196' title='bbox 234 3481 350 3542; x_wconf 91' lang='lat' dir='ltr'>tercius</span> <span class='ocrx_word' id='word_1_197' title='bbox 375 3480 452 3544; x_wconf 88' lang='lat' dir='ltr'>feria</span> <span class='ocrx_word' id='word_1_198' title='bbox 476 3494 563 3544; x_wconf 90' lang='lat' dir='ltr'>sexta</span> <span class='ocrx_word' id='word_1_199' title='bbox 595 3481 712 3563; x_wconf 87' lang='lat' dir='ltr'>jurabit</span> <span class='ocrx_word' id='word_1_200' title='bbox 743 3481 776 3542; x_wconf 91' lang='lat' dir='ltr'>in</span> <span class='ocrx_word' id='word_1_201' title='bbox 808 3501 858 3560; x_wconf 87' lang='lat' dir='ltr'>eo,</span> <span class='ocrx_word' id='word_1_202' title='bbox 883 3480 971 3566; x_wconf 94' lang='lat' dir='ltr'>quod</span> <span class='ocrx_word' id='word_1_203' title='bbox 1003 3481 1069 3563; x_wconf 87' lang='lat' dir='ltr'>ipse</span> <span class='ocrx_word' id='word_1_204' title='bbox 1093 3501 1166 3542; x_wconf 88' lang='lat' dir='ltr'>suas</span> <span class='ocrx_word' id='word_1_205' title='bbox 1197 3479 1304 3563; x_wconf 87' lang='lat' dir='ltr'>fruges</span> <span class='ocrx_word' id='word_1_206' title='bbox 1328 3482 1498 3565; x_wconf 89' lang='lat' dir='ltr'>depascere</span> 
     </span>
     <span class='ocr_line' id='line_1_31' title="bbox 234 3585 461 3651; baseline 0.013 -3"><span class='ocrx_word' id='word_1_207' title='bbox 234 3606 300 3649; x_wconf 91' lang='lat' dir='ltr'>non</span> <span class='ocrx_word' id='word_1_208' title='bbox 324 3585 461 3651; x_wconf 88' lang='lat' dir='ltr'>fecisset.</span> 
     </span>
    </p>

    <p class='ocr_par' dir='ltr' id='par_1_16' title="bbox 233 3692 1498 3989">
     <span class='ocr_line' id='line_1_32' title="bbox 340 3692 1496 3775; baseline 0.002 -20"><span class='ocrx_word' id='word_1_209' title='bbox 340 3694 419 3757; x_wconf 89' lang='lat' dir='ltr'>Item</span> <span class='ocrx_word' id='word_1_210' title='bbox 444 3713 537 3756; x_wconf 89' lang='lat' dir='ltr'>causa</span> <span class='ocrx_word' id='word_1_211' title='bbox 563 3696 649 3756; x_wconf 89' lang='lat' dir='ltr'>Luce</span> <span class='ocrx_word' id='word_1_212' title='bbox 673 3693 772 3755; x_wconf 88' lang='lat' dir='ltr'>villici</span> <span class='ocrx_word' id='word_1_213' title='bbox 797 3694 836 3755; x_wconf 94' lang='lat' dir='ltr'>de</span> <span class='ocrx_word' id='word_1_214' title='bbox 860 3693 945 3774; x_wconf 85' lang='lat' dir='ltr'>Vgra</span> <span class='ocrx_word' id='word_1_215' title='bbox 970 3707 1000 3754; x_wconf 93' lang='lat' dir='ltr'>et</span> <span class='ocrx_word' id='word_1_216' title='bbox 1022 3692 1232 3775; x_wconf 84' lang='lat' dir='ltr'>jobagionum</span> <span class='ocrx_word' id='word_1_217' title='bbox 1257 3708 1440 3757; x_wconf 88' lang='lat' dir='ltr'>nostrorum</span> <span class='ocrx_word' id='word_1_218' title='bbox 1458 3695 1496 3757; x_wconf 91' lang='lat' dir='ltr'>de</span> 
     </span>
     <span class='ocr_line' id='line_1_33' title="bbox 234 3800 1498 3885; baseline 0.002 -23"><span class='ocrx_word' id='word_1_219' title='bbox 234 3800 325 3862; x_wconf 88' lang='lat' dir='ltr'>Nova</span> <span class='ocrx_word' id='word_1_220' title='bbox 349 3801 425 3863; x_wconf 87' lang='lat' dir='ltr'>villa</span> <span class='ocrx_word' id='word_1_221' title='bbox 450 3815 497 3862; x_wconf 91' lang='lat' dir='ltr'>est</span> <span class='ocrx_word' id='word_1_222' title='bbox 520 3821 576 3884; x_wconf 93' lang='lat' dir='ltr'>per</span> <span class='ocrx_word' id='word_1_223' title='bbox 608 3801 779 3862; x_wconf 89' lang='lat' dir='ltr'>Nicolaum</span> <span class='ocrx_word' id='word_1_224' title='bbox 811 3800 968 3862; x_wconf 90' lang='lat' dir='ltr'>decanum</span> <span class='ocrx_word' id='word_1_225' title='bbox 1002 3800 1041 3861; x_wconf 94' lang='lat' dir='ltr'>ad</span> <span class='ocrx_word' id='word_1_226' title='bbox 1074 3801 1216 3882; x_wconf 92' lang='lat' dir='ltr'>primum</span> <span class='ocrx_word' id='word_1_227' title='bbox 1246 3800 1402 3882; x_wconf 90' lang='lat' dir='ltr'>judicium</span> <span class='ocrx_word' id='word_1_228' title='bbox 1425 3816 1498 3885; x_wconf 85' lang='lat' dir='ltr'>post</span> 
     </span>
     <span class='ocr_line' id='line_1_34' title="bbox 233 3907 1073 3989; baseline -0.001 -21"><span class='ocrx_word' id='word_1_229' title='bbox 233 3907 439 3969; x_wconf 87' lang='lat' dir='ltr'>Nativitatem</span> <span class='ocrx_word' id='word_1_230' title='bbox 464 3909 554 3969; x_wconf 91' lang='lat' dir='ltr'>beate</span> <span class='ocrx_word' id='word_1_231' title='bbox 579 3907 711 3988; x_wconf 84' lang='lat' dir='ltr'>virginis</span> <span class='ocrx_word' id='word_1_232' title='bbox 735 3919 860 3989; x_wconf 88' lang='lat' dir='ltr'>recepta</span> <span class='ocrx_word' id='word_1_233' title='bbox 885 3907 925 3967; x_wconf 91' lang='lat' dir='ltr'>ad</span> <span class='ocrx_word' id='word_1_234' title='bbox 949 3925 1073 3989; x_wconf 93' lang='lat' dir='ltr'>pacem.</span> 
     </span>
    </p>

    <p class='ocr_par' dir='ltr' id='par_1_17' title="bbox 232 4011 1495 4203">
     <span class='ocr_line' id='line_1_35' title="bbox 340 4011 1495 4095; baseline 0.001 -20"><span class='ocrx_word' id='word_1_235' title='bbox 340 4014 418 4076; x_wconf 91' lang='lat' dir='ltr'>Item</span> <span class='ocrx_word' id='word_1_236' title='bbox 451 4014 596 4075; x_wconf 84' lang='lat' dir='ltr'>Andreas</span> <span class='ocrx_word' id='word_1_237' title='bbox 629 4013 685 4075; x_wconf 87' lang='lat' dir='ltr'>Sib</span> <span class='ocrx_word' id='word_1_238' title='bbox 717 4026 826 4075; x_wconf 92' lang='lat' dir='ltr'>contra</span> <span class='ocrx_word' id='word_1_239' title='bbox 859 4013 966 4075; x_wconf 88' lang='lat' dir='ltr'>Mathe</span> <span class='ocrx_word' id='word_1_240' title='bbox 990 4011 1126 4094; x_wconf 86' lang='lat' dir='ltr'>figulum</span> <span class='ocrx_word' id='word_1_241' title='bbox 1157 4013 1263 4095; x_wconf 92' lang='lat' dir='ltr'>primo</span> <span class='ocrx_word' id='word_1_242' title='bbox 1287 4013 1400 4075; x_wconf 87' lang='lat' dir='ltr'>citatus</span> <span class='ocrx_word' id='word_1_243' title='bbox 1430 4034 1495 4076; x_wconf 90' lang='lat' dir='ltr'>nou</span> 
     </span>
     <span class='ocr_line' id='line_1_36' title="bbox 232 4121 422 4203; baseline 0.005 -21"><span class='ocrx_word' id='word_1_244' title='bbox 232 4121 422 4203; x_wconf 92' lang='lat' dir='ltr'>comparuit.</span> 
     </span>
    </p>

    <p class='ocr_par' dir='ltr' id='par_1_18' title="bbox 338 4225 1494 4309">
     <span class='ocr_line' id='line_1_37' title="bbox 338 4225 1494 4309; baseline 0.004 -22"><span class='ocrx_word' id='word_1_245' title='bbox 338 4227 415 4288; x_wconf 90' lang='lat' dir='ltr'>Item</span> <span class='ocrx_word' id='word_1_246' title='bbox 440 4246 534 4288; x_wconf 86' lang='lat' dir='ltr'>causa</span> <span class='ocrx_word' id='word_1_247' title='bbox 551 4227 628 4288; x_wconf 93' lang='lat' dir='ltr'>Iuan</span> <span class='ocrx_word' id='word_1_248' title='bbox 653 4239 683 4289; x_wconf 93' lang='lat' dir='ltr'>et</span> <span class='ocrx_word' id='word_1_249' title='bbox 699 4227 798 4288; x_wconf 88' lang='lat' dir='ltr'>Mune</span> <span class='ocrx_word' id='word_1_250' title='bbox 816 4240 862 4288; x_wconf 87' lang='lat' dir='ltr'>est</span> <span class='ocrx_word' id='word_1_251' title='bbox 885 4246 941 4309; x_wconf 92' lang='lat' dir='ltr'>per</span> <span class='ocrx_word' id='word_1_252' title='bbox 959 4225 1153 4307; x_wconf 82' lang='lat' dir='ltr'>Gregorium</span> <span class='ocrx_word' id='word_1_253' title='bbox 1170 4240 1297 4308; x_wconf 91' lang='lat' dir='ltr'>recepta</span> <span class='ocrx_word' id='word_1_254' title='bbox 1314 4227 1352 4288; x_wconf 90' lang='lat' dir='ltr'>ad</span> <span class='ocrx_word' id='word_1_255' title='bbox 1371 4247 1494 4309; x_wconf 91' lang='lat' dir='ltr'>pacem.</span> 
     </span>
    </p>

    <p class='ocr_par' dir='ltr' id='par_1_19' title="bbox 231 4331 1493 4521">
     <span class='ocr_line' id='line_1_38' title="bbox 337 4331 1493 4414; baseline 0.002 -21"><span class='ocrx_word' id='word_1_256' title='bbox 337 4332 415 4394; x_wconf 89' lang='lat' dir='ltr'>Item</span> <span class='ocrx_word' id='word_1_257' title='bbox 447 4333 613 4394; x_wconf 90' lang='lat' dir='ltr'>Emericus</span> <span class='ocrx_word' id='word_1_258' title='bbox 644 4331 733 4394; x_wconf 90' lang='lat' dir='ltr'>faber</span> <span class='ocrx_word' id='word_1_259' title='bbox 764 4347 874 4394; x_wconf 91' lang='lat' dir='ltr'>contra</span> <span class='ocrx_word' id='word_1_260' title='bbox 907 4332 1111 4394; x_wconf 88' lang='lat' dir='ltr'>Clementem</span> <span class='ocrx_word' id='word_1_261' title='bbox 1147 4332 1252 4414; x_wconf 82' lang='lat' dir='ltr'>prImo</span> <span class='ocrx_word' id='word_1_262' title='bbox 1284 4333 1398 4394; x_wconf 90' lang='lat' dir='ltr'>citatus</span> <span class='ocrx_word' id='word_1_263' title='bbox 1428 4353 1493 4396; x_wconf 91' lang='lat' dir='ltr'>non</span> 
     </span>
     <span class='ocr_line' id='line_1_39' title="bbox 231 4438 420 4521; baseline 0.005 -21"><span class='ocrx_word' id='word_1_264' title='bbox 231 4438 420 4521; x_wconf 89' lang='lat' dir='ltr'>comparuit.</span> 
     </span>
    </p>

    <p class='ocr_par' dir='ltr' id='par_1_20' title="bbox 230 4543 1492 4840">
     <span class='ocr_line' id='line_1_40' title="bbox 338 4543 1492 4607; baseline 0.002 -2"><span class='ocrx_word' id='word_1_265' title='bbox 338 4545 415 4606; x_wconf 91' lang='lat' dir='ltr'>Item</span> <span class='ocrx_word' id='word_1_266' title='bbox 449 4546 561 4606; x_wconf 88' lang='lat' dir='ltr'>Marko</span> <span class='ocrx_word' id='word_1_267' title='bbox 586 4545 700 4606; x_wconf 88' lang='lat' dir='ltr'>Putaui</span> <span class='ocrx_word' id='word_1_268' title='bbox 735 4544 920 4607; x_wconf 87' lang='lat' dir='ltr'>testImonio</span> <span class='ocrx_word' id='word_1_269' title='bbox 953 4543 1092 4607; x_wconf 91' lang='lat' dir='ltr'>Bediche</span> <span class='ocrx_word' id='word_1_270' title='bbox 1125 4543 1280 4606; x_wconf 86' lang='lat' dir='ltr'>carnificis</span> <span class='ocrx_word' id='word_1_271' title='bbox 1304 4559 1335 4607; x_wconf 92' lang='lat' dir='ltr'>et</span> <span class='ocrx_word' id='word_1_272' title='bbox 1367 4546 1492 4607; x_wconf 90' lang='lat' dir='ltr'>Micusii</span> 
     </span>
     <span class='ocr_line' id='line_1_41' title="bbox 231 4651 1492 4734; baseline 0.002 -23"><span class='ocrx_word' id='word_1_273' title='bbox 231 4651 377 4713; x_wconf 86' lang='lat' dir='ltr'>atestavit</span> <span class='ocrx_word' id='word_1_274' title='bbox 400 4671 496 4734; x_wconf 91' lang='lat' dir='ltr'>super</span> <span class='ocrx_word' id='word_1_275' title='bbox 520 4671 569 4729; x_wconf 91' lang='lat' dir='ltr'>eo,</span> <span class='ocrx_word' id='word_1_276' title='bbox 594 4652 683 4732; x_wconf 92' lang='lat' dir='ltr'>quod</span> <span class='ocrx_word' id='word_1_277' title='bbox 707 4652 774 4734; x_wconf 91' lang='lat' dir='ltr'>ipse</span> <span class='ocrx_word' id='word_1_278' title='bbox 798 4651 961 4732; x_wconf 88' lang='lat' dir='ltr'>quendam</span> <span class='ocrx_word' id='word_1_279' title='bbox 985 4652 1102 4713; x_wconf 90' lang='lat' dir='ltr'>bovem</span> <span class='ocrx_word' id='word_1_280' title='bbox 1131 4652 1170 4713; x_wconf 92' lang='lat' dir='ltr'>de</span> <span class='ocrx_word' id='word_1_281' title='bbox 1194 4652 1336 4733; x_wconf 91' lang='lat' dir='ltr'>quodam</span> <span class='ocrx_word' id='word_1_282' title='bbox 1361 4651 1492 4715; x_wconf 85' lang='lat' dir='ltr'>homIne</span> 
     </span>
     <span class='ocr_line' id='line_1_42' title="bbox 230 4755 1111 4840; baseline 0.002 -22"><span class='ocrx_word' id='word_1_283' title='bbox 230 4755 271 4818; x_wconf 93' lang='lat' dir='ltr'>de</span> <span class='ocrx_word' id='word_1_284' title='bbox 295 4756 470 4818; x_wconf 90' lang='lat' dir='ltr'>Moroucha</span> <span class='ocrx_word' id='word_1_285' title='bbox 495 4776 554 4839; x_wconf 92' lang='lat' dir='ltr'>pro</span> <span class='ocrx_word' id='word_1_286' title='bbox 578 4757 729 4820; x_wconf 83' lang='lat' dir='ltr'>undecIm</span> <span class='ocrx_word' id='word_1_287' title='bbox 757 4757 864 4840; x_wconf 89' lang='lat' dir='ltr'>pensis</span> <span class='ocrx_word' id='word_1_288' title='bbox 888 4770 1111 4840; x_wconf 88' lang='lat' dir='ltr'>comparasset.</span> 
     </span>
    </p>
   </div>
   <div class='ocr_carea' id='block_1_2' title="bbox 0 0 1740 5234">
    <p class='ocr_par' dir='ltr' id='par_1_21' title="bbox 0 0 1740 5234">
     <span class='ocr_line' id='line_1_43' title="bbox 0 0 1740 5234; baseline 0 7"><span class='ocrx_word' id='word_1_289' title='bbox 0 0 1740 5234; x_wconf 95' lang='lat' dir='ltr'> </span> 
     </span>
    </p>
   </div>
  </div>
 </body>
</html>
