3472 5234
233 341 295 399 280
596 342 683 398 Anno
707 338 797 417 1387.
825 375 864 383 -
889 337 919 400 ὁ),
944 341 1112 401 novembris.

233 554 320 631 bant,
345 567 375 614 ct
400 554 473 633 quia
500 552 660 614 Johannes
684 552 769 614 filius
793 552 959 614 Michaelis
983 551 1077 614 frater
1094 572 1170 614 suus
1193 571 1306 614 omnes
1329 553 1501 635 porciones

234 660 498 743 possessIonarIas
522 659 626 721 eidem
652 659 783 720 domine
808 678 915 721 coram
933 659 1057 720 civibus
1074 659 1107 720 in
1126 672 1318 721 testamento
1341 657 1500 741 dotuavit)

235 781 265 828 et
276 767 378 828 eciam
392 766 526 827 literalis
538 766 759 843 instrumenta,
776 765 925 827 videlicet
935 765 1093 827 dIctorum
1111 766 1228 827 civium
1242 785 1279 826 ac
1291 765 1498 848 privilegium

234 872 372 934 condam
398 872 520 934 domini
548 872 715 951 Ludovici‚
733 872 838 934 eidem
872 871 1003 933 domine
1035 870 1277 951 confirmabant,
1309 872 1354 933 sic
1379 872 1496 934 eodem

234 979 333 1040 modo
357 979 461 1040 eidem
487 977 617 1039 domiue
643 976 903 1040 confirmavaus
927 990 958 1039 et
981 977 1081 1039 eciam
1107 976 1373 1058 adjudicavimus.

340 1085 418 1146 Item
452 1083 728 1165 quemadmodum
762 1084 886 1145 Simoni
919 1083 1134 1165 juramentum
1166 1103 1264 1166 penes
1297 1103 1370 1146 suas
1393 1084 1502 1146 literas

233 1191 488 1271 adjudicavimus
505 1204 614 1251 contra
628 1189 793 1251 dominam
812 1190 954 1251 relictam
964 1188 1105 1251 Rafaelis
1119 1203 1149 1251 et
1160 1189 1245 1252 idem
1267 1190 1379 1252 Simon
1396 1210 1501 1252 sacra·

235 1312 379 1360 mentum
405 1316 497 1358 suum
524 1296 673 1378 deposuit
704 1309 738 1357 ut
770 1296 918 1374 debebat,
950 1315 1044 1377 super
1077 1315 1142 1377 quo
1167 1296 1306 1358 eundem
1332 1296 1499 1359 Simonem

236 1402 401 1464 reddimus
425 1402 609 1483 expeditum
633 1402 783 1464 videlicet
806 1402 1049 1485 producentem.

340 1509 417 1570 Item
435 1508 524 1589 quod
550 1509 624 1588 quia
644 1508 805 1569 Johannes
830 1508 985 1571 SImonda
1007 1522 1117 1570 contra
1142 1508 1308 1570 domitiam
1332 1509 1501 1572 Elisabeth

234 1627 331 1676 testes
355 1613 532 1697 producere
558 1613 695 1675 debebat
728 1628 759 1675 et
789 1633 854 1675 non
880 1615 1044 1696 produxit,
1075 1634 1203 1676 causam
1235 1635 1326 1676 suam
1350 1616 1500 1698 perdidit.

260 1814 358 1889 Furii
386 1825 484 1888 serta
513 1817 667 1905 proxima
696 1824 773 1887 aute
800 1816 924 1887 testum
954 1817 1042 1887 beati
1073 1818 1209 1888 Martini
1238 1818 1449 1889 confessoris.

749 1967 794 2041 (8.
818 1968 1003 2043 novembris).

343 2111 420 2171 Item
447 2110 610 2172 Johannes
634 2110 732 2171 Pazar
756 2122 787 2170 et
811 2110 949 2171 Jacobus
974 2109 1100 2171 institor
1123 2123 1233 2170 contra
1258 2109 1374 2171 Paulas
1396 2110 1501 2192 primo

235 2217 320 2279 citati
346 2236 411 2278 non
436 2228 694 2298 comparuerunt.

340 2323 418 2384 Item
443 2321 596 2405 Gyurgek
621 2321 721 2384 Ozter
742 2321 895 2404 produxit
916 2334 1012 2384 testes
1038 2321 1187 2383 videlicet
1204 2320 1381 2403 Georgium
1406 2322 1501 2384 Blan-

235 2430 337 2509 chich,
362 2431 516 2491 Iacobum
544 2429 722 2490 Institorem
748 2442 858 2490 contra
889 2427 973 2488 Iwan
999 2427 1183 2508 Ozmonog.

343 2537 420 2597 Item
447 2534 575 2597 Gerdak
601 2548 710 2596 contra
735 2534 947 2596 Benedictum
972 2535 1077 2616 primo
1094 2533 1207 2595 citatus
1223 2554 1288 2595 non
1313 2536 1503 2617 comparuit.

341 2642 419 2703 Item
444 2641 627 2702 Anthonius
661 2639 745 2702 filius
771 2640 898 2702 NicoIai
925 2655 1033 2702 contra
1066 2640 1238 2701 Lucasium
1270 2640 1431 2702 medicum
1455 2660 1503 2703 se-

236 2748 392 2810 cundarIo
417 2748 531 2809 citatus
554 2766 619 2809 nou
644 2747 833 2829 comparuit.

342 2854 420 2916 Item
444 2874 537 2915 causa
556 2854 668 2916 Crisan
686 2867 796 2914 contra
813 2852 940 2914 fratrem
958 2872 1051 2914 suum
1068 2852 1108 2914 ad
1126 2873 1237 2935 pacem
1255 2867 1301 2915 est
1317 2867 1500 2936 prorogata.

343 2961 420 3023 Item
446 2981 538 3023 causa
563 2961 637 3021 Ivan
662 2974 772 3021 contra
790 2961 918 3021 Petrum
944 2960 1043 3022 decan
1068 2961 1108 3021 ad
1133 2974 1206 3023 octo
1232 2961 1300 3022 dies
1323 2961 1364 3023 ad
1387 2982 1500 3045 pacem

237 3082 283 3128 est
308 3081 444 3149 recepta.

342 3173 418 3234 Item
445 3172 547 3252 Cigan
573 3184 681 3233 contra
708 3171 839 3232 Luciam
875 3173 1044 3234 mulierem
1069 3173 1259 3235 secundario
1291 3174 1405 3235 citatus
1435 3195 1501 3237 non

237 3279 425 3360 comparuit.

342 3384 419 3445 Item
444 3403 537 3445 causa
571 3383 725 3445 Iohannis
757 3397 865 3445 contra
900 3384 1068 3445 mulierem
1103 3384 1294 3447 Sidouinich
1318 3387 1357 3446 ad
1389 3408 1501 3469 pacem

237 3492 277 3553 ad
302 3505 375 3553 octo
400 3490 468 3550 dies
492 3503 538 3550 est
560 3504 695 3571 recepta.

343 3597 420 3657 Item
439 3595 563 3656 BlasIch
582 3609 690 3656 contra
704 3596 868 3657 Vrbanum
887 3596 1077 3657 secundario
1100 3597 1213 3659 citatus
1226 3618 1291 3660 non
1311 3600 1501 3681 comparuit.

343 3704 420 3762 Item
448 3701 588 3762 Brichus
613 3716 720 3763 contra
746 3703 953 3784 Diagonyam
986 3717 1127 3764 sutorem
1151 3704 1256 3785 primo
1288 3706 1401 3767 citatus
1436 3727 1501 3768 non

237 3809 427 3892 comparuit.

342 3916 419 3977 Item
447 3934 539 3975 causa
565 3915 690 3976 Mikech
709 3915 858 3996 Magdich
883 3915 923 3976 ad
941 3916 1090 3996 antiquos
1108 3915 1229 3995 judices
1253 3929 1300 3978 est
1316 3933 1500 4000 prorogata.

343 4022 419 4083 Item
446 4021 529 4102 Span
556 4035 670 4082 octavo
695 4021 745 4083 die
770 4034 865 4083 testes
889 4022 1065 4103 producere
1088 4022 1193 4084 debet.

342 4128 419 4189 Item
444 4147 556 4188 omnes
581 4128 626 4188 illi
652 4128 764 4209 quide
789 4128 920 4190 Petouia
946 4148 1019 4189 cum
1044 4129 1262 4190 mercimoniis
1286 4130 1411 4209 iverint,
1438 4132 1498 4193 Mi·

237 4235 326 4295 klino
352 4234 498 4311 institori,
516 4234 641 4317 Woryh
668 4235 699 4295 in
732 4234 904 4314 quindenis
927 4235 1011 4295 XIIII
1036 4234 1105 4296 flor.
1130 4249 1160 4296 et
1184 4236 1241 4296 XL
1259 4236 1407 4298 denarios
1431 4239 1496 4299 sol·

237 4361 310 4401 vere
329 4341 456 4417 debent,
475 4342 529 4422 qui
547 4339 675 4403 fuerunt
693 4342 723 4401 in
742 4339 825 4402 iacto
839 4340 977 4402 duorum
996 4341 1238 4403 Carintinorum
1258 4342 1500 4426 (fideiussores).

344 4446 419 4508 Item
456 4447 581 4508 Mikech
615 4461 728 4508 octavo
760 4447 811 4508 die
846 4447 933 4507 solus
963 4467 1119 4529 supereo
1152 4447 1278 4528 jurabit,
1304 4449 1392 4529 quod
1424 4466 1498 4512 cum

237 4551 318 4612 scitu
341 4572 399 4614 suo
424 4566 455 4614 et
480 4554 587 4614 uxoris
612 4573 667 4614 sue
692 4552 831 4634 quedam
857 4554 915 4614 bos
930 4553 1053 4614 domini
1080 4554 1163 4616 Petri
1188 4555 1219 4615 in
1245 4556 1331 4616 curia
1356 4575 1412 4616 sua
1431 4575 1497 4617 non

237 4656 298 4717 fuit
320 4673 484 4721 arestatus.

343 4764 420 4825 Item
445 4765 530 4825 idem
556 4764 681 4826 Mikech
707 4785 865 4846 supereo
889 4764 1016 4846 jurabit,
1042 4765 1130 4847 quod
1155 4767 1262 4828 Mikus
1288 4768 1369 4830 circa
1393 4769 1499 4851 ipsum

261 4863 280 4882 '⁴
296 4864 319 4927 il
342 4868 382 4932 de
407 4870 472 4931 suis
496 4871 590 4932 rebus
613 4869 785 4933 habuisset.
