3472 5234
236 364 300 424 168
630 360 827 440 Ann01382.
853 397 893 406 -
919 361 968 424 18.
994 365 1106 438 aprilis.

233 573 320 636 dicto
345 589 475 636 cantore
500 575 633 635 ecclesie
666 573 861 634 chasmensis
893 587 923 634 et
948 573 1093 635 Johanne
1125 573 1193 635 filio
1217 574 1395 656 Mychaelis
1425 596 1499 658 pro·

234 694 379 742 curatore
404 680 480 741 dicti
513 679 638 741 domini
670 678 812 760 episcopi
844 679 903 739 rite
937 693 968 740 et
996 678 1152 759 legittime
1184 681 1400 761 prestiterunt,
1425 681 1500 744 ideo

235 786 366 847 eosdem
391 785 570 847 Johannem
596 799 626 845 et
642 786 778 845 alterum
804 783 983 845 Johannem
1000 804 1096 866 super
1119 785 1282 866 premissis
1299 786 1500 849 reddidimus

233 910 271 950 ex
296 891 516 952 commisimus
541 890 717 971 expeditos.

341 997 419 1059 Item
445 994 605 1076 Georgius
630 993 810 1077 Sydouy(n)
835 1008 946 1056 contra
969 994 1155 1076 Philippum
1179 997 1284 1078 primo
1301 997 1415 1059 citatus
1432 1017 1498 1059 non

235 1104 425 1186 comparuit.

340 1209 418 1271 Item
440 1209 602 1270 lohannes
627 1208 800 1288 Hungarus
824 1220 855 1268 et
883 1206 1031 1288 Mychael
1055 1204 1175 1267 filiolus
1198 1225 1274 1267 suus
1301 1221 1412 1269 contra
1429 1209 1501 1270 Bla-

235 1316 318 1376 sium
342 1315 448 1397 primo
473 1314 558 1376 citati
583 1333 649 1375 non
673 1326 932 1394 comparuerunt.

340 1421 418 1482 Item
444 1420 590 1481 Thomas
613 1433 724 1480 contra
747 1416 941 1499 Gregorium
957 1416 1061 1477 filium
1085 1416 1241 1478 Iohannis
1257 1418 1362 1499 prImo
1387 1418 1501 1481 citatus

238 1546 304 1588 non
329 1525 518 1608 comparuit.

343 1632 422 1695 Item
457 1644 562 1692 custos
594 1629 719 1690 Blasius
750 1642 862 1690 contra
893 1627 1048 1690 Mathiam
1077 1627 1216 1709 juratum
1249 1630 1353 1711 prImo
1389 1630 1502 1692 citatus

236 1758 302 1800 non
326 1737 517 1819 comparuit.

340 1844 417 1905 Item
442 1842 519 1903 Iuan
544 1840 647 1902 Joffan
672 1855 783 1902 contra
813 1840 969 1902 Jacobum
1003 1839 1187 1901 carnificem
1218 1841 1362 1903 secundo
1387 1842 1502 1904 citatus

237 1971 302 2012 non
327 1948 516 2030 comparuit.

344 2057 420 2116 Item
453 2053 561 2114 Endre
587 2052 652 2134 Syb
688 2067 798 2115 contra
830 2051 1000 2114 dominum
1032 2053 1156 2112 Lukam
1188 2053 1327 2114 condam
1359 2053 1499 2135 judicem

237 2163 342 2244 primo
367 2161 480 2221 citatus
504 2179 569 2221 non
594 2158 784 2240 comparuit.

344 2267 422 2328 Item
455 2285 550 2326 causa
580 2264 745 2326 Benedicti
778 2279 809 2326 et
833 2264 934 2325 Drask
959 2265 998 2326 ad
1031 2278 1180 2326 octavum
1205 2264 1292 2325 diem
1323 2263 1364 2325 ad
1388 2282 1500 2345 pacem

239 2388 286 2436 est
310 2384 446 2453 recepta.

343 2480 421 2541 Item
446 2476 607 2538 Johannes
630 2475 761 2557 jobagio
786 2475 944 2558 Delasych
972 2490 1082 2538 contra
1106 2476 1293 2557 magistrum
1319 2477 1500 2538 Barnabam

239 2598 353 2646 octavo
378 2582 430 2644 die
455 2582 670 2664 respondebit.

344 2688 422 2750 Item
448 2708 541 2749 causa
567 2688 691 2748 Herrici
722 2686 878 2749 carnificis
909 2702 1020 2750 contra
1044 2689 1153 2750 Bartol
1185 2687 1357 2769 lapicidam
1383 2687 1423 2747 ad
1448 2707 1501 2749 oc·

241 2810 349 2856 tavum
374 2795 460 2855 diem
484 2794 523 2854 ad
549 2812 661 2876 pacem
686 2807 732 2855 est
756 2806 893 2876 recepta.

349 2901 427 2962 Item
458 2920 553 2960 causa
583 2899 717 2960 Fabiani
749 2899 865 2962 literati
897 2914 928 2961 et
963 2900 1047 2961 Petri
1079 2899 1186 2981 magni
1212 2918 1262 2977 eo,
1294 2899 1382 2980 quod
1408 2913 1503 2961 testes

244 3007 321 3068 dicti
335 3007 418 3067 Petri
436 3025 549 3066 omnes
565 3025 631 3066 non
648 3020 737 3066 erant
754 3020 927 3086 presentes,
939 3005 978 3066 ad
992 3019 1140 3067 octavum
1158 3005 1245 3066 diem
1258 3019 1305 3065 est
1320 3019 1503 3086 prorogata.

348 3113 425 3173 Item
439 3110 615 3191 Gregorius
632 3109 726 3172 frater
744 3112 892 3172 Damiani
906 3112 1070 3172 universas
1087 3111 1195 3173 literas
1211 3111 1370 3191 antiquas,
1387 3111 1505 3192 quibus

245 3218 461 3279 mediantibus
484 3216 616 3277 domina
640 3235 770 3276 consors
794 3236 849 3277 sua
871 3216 1044 3297 quemdam
1060 3214 1196 3276 fundum
1222 3230 1450 3292 conservasset,
1475 3229 1506 3276 et

240 3325 341 3385 eciam
366 3336 594 3384 testamentum
620 3320 698 3382 feria
725 3322 823 3383 tercia
854 3322 998 3403 proxime
1031 3335 1164 3383 ventura
1196 3320 1373 3402 producere
1399 3321 1504 3383 debet.

243 3503 245 3507 Ι
345 3429 422 3490 Item
447 3448 541 3489 causa
567 3425 715 3508 Gregorii
739 3428 857 3507 Angeli
881 3442 990 3489 contra
1014 3425 1091 3488 Scol
1112 3427 1153 3487 ad
1177 3440 1327 3488 octavum
1352 3425 1438 3487 diem
1463 3426 1502 3486 ad

239 3555 350 3618 pacem
376 3548 422 3595 est
446 3547 581 3614 recepta.

344 3639 422 3702 Item
456 3639 586 3700 Lachlro
621 3652 730 3699 contra
763 3637 922 3699 Janchech
958 3652 1112 3700 sartorem
1143 3637 1248 3720 primo
1281 3638 1395 3699 citatus
1439 3656 1504 3698 non

241 3746 430 3828 comparuit.

345 3852 423 3913 Item
449 3870 542 3911 causa
574 3850 684 3911 Jacobi
716 3865 747 3911 et
778 3851 918 3931 Mykusii
943 3849 1081 3911 condam
1113 3849 1257 3930 judicum
1289 3849 1329 3909 ad
1354 3862 1504 3910 octavum

241 3957 328 4018 diem
353 3957 392 4018 ad
417 3975 528 4038 pacem
554 3970 600 4017 est
629 3971 766 4038 recepta.

346 4062 425 4124 Item
450 4062 592 4123 Misenus
609 4062 813 4143 Bogdanum,
829 4062 906 4123 item
925 4060 1085 4141 Georgius
1102 4060 1273 4122 Nicolaum
1298 4060 1506 4143 Zdalchalep‚

241 4168 410 4229 Nicolaum
437 4169 518 4229 circa
549 4168 750 4229 Anthonium
782 4168 974 4228 residentem
1005 4180 1036 4228 et
1060 4165 1213 4248 Gyurgelr
1247 4166 1325 4229 feria
1349 4169 1446 4230 tercia
1474 4168 1505 4228 in

241 4273 462 4335 testimonium
487 4274 664 4354 producere
688 4273 807 4334 debent
831 4286 941 4333 contra
964 4293 1043 4335 sese.

345 4378 423 4439 Item
450 4379 557 4440 Mathe
581 4393 670 4441 sutor
693 4393 725 4440 et
749 4377 895 4440 Thomas
927 4391 1037 4439 contra
1062 4398 1129 4440 sese
1161 4377 1239 4440 seria
1263 4380 1360 4440 tercia
1385 4379 1505 4460 produ·

242 4502 312 4543 cere
336 4483 455 4545 debent
478 4485 710 4546 testImonium.

347 4589 425 4651 Item
455 4591 620 4650 Emericus
644 4608 777 4670 arcupar
801 4602 915 4651 octavo
940 4589 993 4650 die
1017 4590 1116 4651 terci0
1139 4609 1172 4651 se
1197 4609 1292 4672 super
1316 4609 1355 4651 eo
1379 4590 1507 4672 jurabit,

243 4693 331 4773 quod
356 4695 423 4776 ipse
449 4696 571 4756 Lucam
588 4694 725 4756 condam
743 4693 882 4776 judicem
900 4713 966 4756 non
983 4694 1210 4777 vituperaverit
1229 4696 1392 4776 nequead
1410 4696 1506 4758 inter·

242 4795 416 4861 delendum
441 4800 547 4882 ipsum
571 4799 780 4880 adjuvaverit.
