3472 5234
241 349 281 391 20
653 332 738 387 Anno
761 339 848 407 1375.
874 363 916 372 —
939 344 970 406 4.
994 331 1073 389 maii,

238 436 409 443 ”--
1108 436 1498 444 ———.—.--——..-.

344 541 421 602 Item
446 555 560 602 octavo
586 540 637 602 die
661 540 737 602 Iuan
762 554 871 601 contra
895 539 1068 600 Martinum
1085 559 1118 600 se
1142 552 1248 600 sextus
1264 538 1381 620 jurabit
1405 559 1501 621 super

238 666 287 725 eo,
312 647 399 728 quod
425 646 471 708 nil
495 646 627 708 haberet
650 647 690 709 de
715 647 808 709 bonis
838 645 1018 728 patrissui.

343 753 422 814 Item
446 767 561 815 octavo
585 753 637 814 die
662 753 770 815 Vrban
794 765 884 813 sutor
901 763 1011 812 contra
1025 752 1217 836 ⁴Ztoyanum
1240 751 1358 833 jurabit
1379 771 1413 813 se
1438 765 1498 812 ter·

238 859 305 920 cius
330 879 496 941 supereo,
521 858 610 941 quod
634 877 728 920 suum
753 857 879 919 lardum
903 859 968 918 non
993 856 1157 920 ocultaret.

344 982 423 1044 Item
446 981 562 1043 ancilla
587 981 715 1043 Martini
733 980 880 1061 Hungari
904 993 1018 1042 octavo
1035 980 1087 1042 die
1110 1000 1143 1042 se
1160 994 1246 1044 sexta
1270 981 1387 1062 jurabit
1404 1000 1500 1063 super

237 1106 287 1166 eo,
312 1087 399 1168 quod
425 1088 577 1149 scrinium
601 1106 658 1149 sue
681 1087 812 1150 domine
837 1106 902 1148 non
927 1085 1071 1168 fregisset
1094 1107 1152 1148 nec
1176 1087 1298 1168 aliquid
1322 1086 1361 1148 de
1386 1086 1497 1148 eadem

236 1195 451 1256 subtraxisset.

342 1299 420 1360 ltem
445 1301 490 1362 Isa
516 1300 632 1361 mulier
655 1300 694 1361 de
720 1298 872 1382 Vgrouch
893 1298 988 1361 debet
1012 1298 1044 1359 in
1069 1299 1240 1380 prangario
1263 1298 1374 1362 sedere
1398 1319 1499 1381 usque

237 1405 315 1466 dum
333 1404 457 1467 domini
475 1405 513 1466 de
531 1426 640 1467 mensa
657 1419 798 1487 surgent,
815 1418 945 1487 propter
961 1404 1102 1485 quodam
1128 1403 1258 1484 furtum,
1276 1417 1306 1467 et
1322 1405 1367 1467 sic
1384 1405 1499 1488 expelli

240 1510 279 1572 de
304 1511 431 1573 civitate
455 1525 486 1573 et
510 1531 676 1593 nunquam
702 1511 839 1593 amplius
863 1511 980 1571 intrare
1012 1510 1184 1589 clvitatem,
1209 1509 1345 1591 quodsi
1371 1511 1500 1573 inventa

238 1614 332 1678 fuerit
356 1617 388 1678 iu
414 1617 540 1679 clvitate
565 1616 707 1679 auricula
733 1617 831 1698 ipsius
855 1615 1045 1677 abscidetur.

342 1740 419 1802 Item
445 1739 620 1801 Katherina
644 1740 760 1801 mulier
784 1759 846 1820 que
871 1739 1025 1800 subtraxit
1044 1739 1256 1820 tepeNicolai
1281 1739 1339 1802 filii
1364 1739 1498 1818 Odolas,

237 1844 374 1906 condam
400 1845 559 1927 jobagissa
584 1845 714 1924 Paulek,
743 1845 1004 1926 quandocunque
1026 1845 1057 1906 in
1090 1846 1209 1907 tenutis
1233 1860 1339 1908 nostre
1364 1846 1500 1908 clvitatis

236 1964 359 2032 reperta
385 1949 489 2031 fuerit,
514 1951 671 2032 justiciam
697 1949 851 2011 faciemus
875 1949 915 2011 de
938 1950 1062 2012 eadem.

342 2056 419 2117 Item
445 2056 604 2137 Georgius
621 2055 705 2118 filius
730 2054 883 2138 Stephani
901 2068 1011 2116 contra
1037 2055 1214 2137 Georgium
1234 2056 1376 2119 Gerdine
1393 2058 1498 2140 primo

238 2163 351 2225 citatus
373 2182 439 2224 non
464 2164 653 2245 comparuit.

342 2268 419 2329 Item
445 2268 621 2350 Gregorius
644 2283 753 2331 contra
780 2269 943 2330 Andream
969 2267 1071 2330 filium
1097 2269 1228 2350 Georgii
1253 2268 1310 2331 filii
1336 2270 1434 2331 Pethlr
1459 2270 1498 2332 de

236 2373 318 2435 ultra
343 2375 430 2435 Zaua
455 2374 687 2456 comprobavit,
711 2375 799 2455 quod
831 2376 890 2437 sibi
916 2376 947 2437 in
973 2376 1074 2436 tribus
1105 2376 1211 2457 pensis
1235 2375 1443 2438 denariorum
1468 2391 1499 2438 et

236 2479 269 2539 in
293 2498 357 2541 una
388 2480 510 2541 tunella
544 2480 664 2542 vinaria
696 2495 873 2558 teneretur;
910 2482 976 2564 lpse
1001 2493 1108 2543 autem
1145 2480 1291 2543 Andreas
1322 2501 1386 2543 non
1411 2483 1499 2544 venit

238 2605 343 2666 neque
367 2586 464 2649 misit.

341 2691 420 2753 Item
444 2692 597 2754 Nicolaus
621 2691 706 2754 filius
730 2693 881 2755 Hrenkus
897 2695 929 2755 in
954 2694 1127 2775 quindenis
1143 2694 1251 2756 Blasio
1268 2695 1412 2775 quinque
1429 2693 1498 2757 flor.

235 2797 360 2860 solvere
381 2798 486 2860 debet.

341 2904 419 2966 Item
463 2904 662 2986 Margaretha
703 2905 815 2967 Gozlra
859 2921 967 2968 contra
1012 2904 1105 2967 luech
1147 2906 1252 2988 prImo
1293 2906 1385 2967 citata
1432 2925 1497 2966 non

235 3011 422 3092 comparuit.

341 3134 418 3195 Item
451 3148 565 3196 octavo
595 3134 646 3196 die
678 3134 803 3196 Blasius
834 3148 944 3197 contra
975 3136 1147 3197 Nicolaum
1179 3136 1399 3197 testImonium
1425 3155 1497 3219 pro·

235 3239 329 3301 ducet
352 3259 409 3320 per
426 3259 558 3300 uxorem
577 3240 728 3322 Symonis
751 3239 918 3319 carnificis,
936 3240 1199 3302 Obradouicham
1216 3256 1247 3305 et
1264 3242 1496 3304 Mala-luanam

236 3366 396 3428 supereo,
414 3346 502 3426 quod
516 3365 595 3407 uxor
612 3346 711 3427 ipsius
728 3346 825 3407 Blasii
844 3346 903 3428 ipsi
922 3346 1057 3407 Nicolao
1074 3346 1176 3407 tribus
1199 3347 1292 3408 annis
1308 3347 1498 3410 servivisset.

343 3470 419 3530 Item
445 3482 559 3529 octavo
585 3469 636 3529 die
660 3468 842 3529 Anthonius
875 3469 998 3531 JursIch
1031 3469 1190 3551 quidquid
1223 3470 1262 3531 ad
1287 3469 1384 3534 fidem
1408 3490 1497 3533 acce·

234 3575 326 3657 perit,
352 3573 503 3635 Malinich
528 3574 587 3634 sibi
612 3573 775 3635 exsolvere
799 3574 894 3637 debet
918 3589 949 3636 et
973 3575 1069 3656 judici
1095 3575 1132 3636 lll
1158 3595 1285 3657 pensas.

341 3680 419 3741 Item
434 3680 587 3741 Clemens
611 3691 724 3741 octavo
741 3679 794 3741 die
818 3700 851 3741 se
868 3682 984 3743 tercius
999 3681 1115 3762 jurabit
1132 3701 1227 3763 super
1251 3702 1301 3762 eu,
1325 3683 1413 3763 quod
1432 3683 1498 3765 ipse

237 3786 365 3847 bursam
390 3784 491 3867 Mikyl
516 3804 580 3846 non
606 3783 768 3847 furaverit.

339 3909 417 3971 Item
442 3910 516 3989 quia
542 3909 653 3971 Marko
674 3929 733 3991 pro
768 3909 909 3990 quodam
940 3910 1070 3972 homine
1094 3912 1170 3973 luan
1202 3924 1327 3992 vocatu,
1351 3913 1500 3985 Nicolaot

234 4014 301 4077 filio
325 4016 429 4098 Lapas
452 4013 620 4077 fideiussor
643 4015 805 4093 extitisset,
830 4016 896 4097 ipse
922 4017 1033 4079 Marko
1059 4016 1198 4079 eundem
1225 4018 1300 4079 luan
1327 4031 1362 4080 ut
1387 4018 1486 4081 debui

234 4123 437 4205 presentavit,
461 4121 629 4202 dictusque
654 4121 807 4182 Nicoluus
831 4142 895 4183 non
921 4123 1008 4185 venit
1040 4143 1144 4204 neque
1169 4123 1265 4202 misit,
1290 4144 1366 4206 ergo
1390 4129 1494 4188 accio-

235 4247 307 4289 nem
332 4247 422 4289 suam
446 4247 502 4289 seu
526 4247 653 4288 causam
677 4227 826 4309 perdidit.

338 4351 416 4413 Item
441 4371 534 4413 causa
559 4349 735 4433 Mychaelis
766 4350 860 4431 jurati
893 4363 924 4413 et
948 4352 1049 4435 Mikyl
1081 4367 1127 4414 est
1151 4373 1207 4435 per
1231 4353 1387 4416 Iacobum
1413 4354 1497 4416 ensi-

233 4476 347 4539 parum
371 4457 410 4518 ad
435 4470 509 4519 octo
533 4456 601 4517 dies
624 4468 750 4537 recepta
779 4456 819 4517 ad
843 4475 966 4538 pacem.

339 4563 416 4624 Item
441 4563 588 4624 Thomas
619 4576 707 4624 sutor
739 4578 847 4625 contra
873 4563 1074 4647 Mychaelem
1101 4564 1271 4648 DamyanI,
1300 4566 1376 4646 quia
1400 4586 1433 4627 se
1457 4566 1497 4628 ad

237 4687 348 4749 pacem
374 4683 568 4750 receperant,
594 4689 658 4730 non
684 4669 772 4730 venit
796 4688 901 4750 neque
926 4670 1021 4734 misit.

336 4774 417 4837 Item
441 4774 603 4837 Corardus
627 4789 737 4837 contra
762 4775 902 4838 eundem
927 4775 1129 4859 Mychaelem
1153 4797 1219 4840 non
1240 4779 1430 4861 comparuit.
