3472 5234
257 340 321 402 320
642 323 843 397 Ann01390.
869 356 909 366 —
934 320 984 383 18.
1008 325 1119 384 martii.

363 532 440 594 Item
467 532 565 594 LucIa
591 532 715 596 mulier.

363 639 439 700 Item
465 638 550 700 Iwan
569 638 671 701 Gozel
689 654 798 703 contra
816 641 971 703 Iacobum
989 640 1094 722 prImo
1107 642 1221 703 citatus
1244 661 1309 703 non
1327 644 1517 725 comparuit.

362 745 440 806 Item
465 745 631 807 Emericus
662 759 770 808 contra
803 748 923 808 Lucam
956 747 1060 828 primo
1092 747 1205 809 citatus
1236 766 1302 808 non
1327 749 1517 830 comparuit.

360 850 438 912 Item
462 850 637 931 Gregorius
661 852 816 934 voyschar
845 865 877 914 et
900 852 1025 914 Blasich
1049 866 1158 915 contra
1184 853 1321 936 Mykech
1345 855 1449 936 prImo
1475 855 1518 916 ci-

257 957 312 1019 tati
338 977 402 1019 non
429 973 687 1040 comparuerunt.
1247 973 1251 979 '

363 1063 441 1126 Item
466 1065 607 1145 Zagorcz
632 1079 742 1127 contra
760 1064 971 1127 Benedictum
992 1066 1109 1148 Kopun
1127 1080 1242 1128 octavo
1267 1066 1318 1128 die
1334 1080 1430 1129 testes
1446 1087 1520 1150 pro·

254 1170 371 1232 ducere
396 1170 501 1234 debet.

360 1277 438 1338 Item
451 1277 570 1339 Paulus
594 1275 754 1339 aurifaber
777 1290 887 1339 contra
913 1277 1055 1339 Blasium
1072 1278 1179 1360 prImo
1203 1279 1315 1341 citatus
1339 1298 1405 1340 non
1432 1299 1520 1341 com·

254 1383 370 1465 paruit.

359 1490 437 1552 Item
475 1490 620 1574 Mathyas
655 1504 764 1553 contra
800 1491 944 1552 Petrum·
964 1506 1117 1554 sartorem
1153 1492 1258 1574 prImo
1298 1492 1412 1554 citatus
1447 1513 1513 1555 non

253 1597 443 1680 comparuit.

359 1703 436 1764 Item
452 1702 554 1764 Malar
566 1716 596 1764 et
609 1703 720 1765 Petrus
737 1716 845 1764 contra
857 1703 939 1765 Reea
952 1703 1056 1785 primo
1071 1705 1156 1766 citati
1174 1725 1238 1766 non
1256 1720 1516 1787 comparuerunt.

359 1808 437 1870 Item
455 1808 616 1870 Iohannes
640 1822 749 1871 contra
774 1809 903 1870 Petrum
924 1809 1029 1890 primo
1054 1811 1167 1871 citatus
1191 1829 1256 1872 non
1280 1812 1469 1894 comparuit.

359 1914 436 1975 Item
464 1914 653 1976 Dominicus
684 1914 813 1976 Platnar
844 1928 955 1976 contra
987 1915 1142 1977 Iacobum
1174 1917 1279 1998 primo
1304 1917 1418 1979 citatus
1451 1937 1518 1978 non

254 2020 444 2102 comparuit.

357 2126 435 2188 Item
460 2124 645 2188 Anthonlus
669 2126 802 2209 Iursych
827 2139 937 2188 contra
958 2127 1153 2207 Agustinum
1178 2127 1283 2209 prImo
1312 2129 1425 2192 citatus
1450 2149 1517 2192 non

251 2233 440 2314 comparuit.

359 2337 437 2400 Item
463 2336 639 2419 Gregorius
663 2351 695 2400 et
719 2338 837 2400 Paulus
870 2352 979 2401 contra
1012 2338 1169 2401 Marinam
1193 2340 1298 2422 primo
1330 2341 1416 2403 citati
1448 2361 1516 2404 non

251 2457 510 2526 comparuerunt.

356 2549 434 2612 Item
466 2550 633 2612 Emericus
664 2563 696 2612 et
727 2550 909 2633 Stephanus
941 2566 1050 2614 contra
1086 2553 1256 2615 Nicolaum
1290 2553 1395 2635 primo
1429 2553 1515 2616 citati

250 2675 315 2717 non
340 2669 600 2739 comparuerunt.

258 2849 265 2862 ¹
354 2762 432 2824 Item
457 2763 570 2845 Sergig
594 2777 704 2826 contra
729 2761 922 2825 Michaelem
946 2765 1051 2847 prImo
1084 2764 1197 2827 citatus
1228 2785 1294 2827 non
1318 2766 1509 2848 comparuit.

423 2996 520 3072 Feria
548 3008 647 3072 sexta
674 3002 830 3090 proxima
862 3009 939 3073 ante
968 3002 1167 3073 dominicam
1194 3002 1326 3093 Judica.

777 3150 841 3230 (18.
873 3155 992 3223 martit).

353 3294 432 3356 Item
458 3295 623 3357 Emericus
648 3308 757 3355 contra
782 3294 953 3356 Lucasium
977 3295 1167 3357 secundario
1191 3297 1305 3358 citatus
1330 3316 1394 3358 non
1420 3315 1508 3358 com·

250 3400 365 3483 paruit.

354 3508 431 3569 Item
457 3508 525 3569 Kus
549 3522 658 3570 contra
684 3508 813 3570 Petrum
834 3506 1023 3568 secundario
1048 3507 1161 3568 citatus
1185 3527 1250 3568 non
1275 3508 1465 3590 comparuit.

353 3616 432 3678 Item
454 3616 608 3678 Nicolaus
625 3612 782 3698 Delasych
800 3614 832 3675 in
850 3613 955 3695 pslmo
972 3612 1092 3695 judIcio
1109 3627 1218 3675 contra
1237 3613 1397 3697 Magdych
1412 3626 1508 3676 testes

247 3724 425 3807 producere
454 3723 558 3786 debet.

351 3832 430 3895 Item
455 3831 621 3893 Emericus
645 3842 754 3892 contra
779 3827 949 3889 Nicolaum
975 3826 1006 3887 in
1023 3826 1129 3908 primo
1146 3825 1266 3906 judicio
1291 3825 1511 3908 respondebit.

353 3939 432 4000 Item
458 3958 551 4000 causa
577 3936 668 3999 Pauli
686 3933 826 3998 Meriche
851 3947 960 3994 contra
979 3933 1107 3994 Petrum
1120 3932 1159 3992 ad
1177 3951 1288 4013 pacem
1306 3944 1352 3992 est
1368 3944 1505 4012 recepta.

350 4046 427 4109 Item
453 4047 565 4108 Petrus
588 4043 748 4127 gladiator
772 4054 881 4103 contra
906 4039 1041 4101 Paulum
1075 4038 1266 4100 secundario
1298 4038 1412 4100 citatus
1443 4057 1509 4098 non

244 4166 435 4234 comparuit.

349 4258 427 4320 Item
462 4277 555 4319 causa
588 4256 743 4317 Iohannis
775 4255 910 4315 Zerman
944 4265 1053 4313 contra
1087 4250 1223 4312 Paulum
1255 4249 1294 4311 ad
1321 4269 1432 4332 pacem
1465 4263 1511 4312 est

245 4378 381 4444 recepta.

231 4537 235 4556 ι
350 4468 427 4530 Item
453 4467 629 4547 Gregorius
654 4467 809 4548 voyschar
833 4479 942 4528 contra
962 4463 1111 4545 Magdich
1137 4462 1169 4523 in
1194 4463 1298 4544 primo
1323 4461 1444 4543 judicio
1461 4482 1509 4525 re-

244 4573 424 4652 spondebit.

349 4677 426 4738 Item
463 4676 574 4736 Petrus
610 4687 640 4737 et
664 4675 818 4738 Nicolaus
853 4691 962 4739 contra
999 4677 1063 4738 Res
1098 4674 1130 4735 ln
1166 4674 1270 4757 primo
1304 4673 1425 4756 judIcIo
1461 4694 1508 4735 re·

244 4780 460 4860 spondebunt
