3472 5234
642 312 728 369 Anno
750 307 841 387 1389.
866 344 902 353 -
929 320 958 386 7.
983 311 1067 369 maii.

236 548 333 621 Feria
362 557 462 621 sexta
491 551 646 637 proxima
674 556 751 637 post
777 547 901 619 festum
931 548 1020 619 beati
1057 547 1221 638 Johannis
1259 556 1336 618 ante
1364 554 1495 635 portam

787 672 939 742 latinam.

782 840 826 921 (7·
849 840 945 920 mae·

340 1004 417 1064 Item
444 1002 581 1063 MichaeI
600 1001 684 1063 filius
703 1000 851 1062 Damiani
867 1013 977 1061 contra
995 1000 1154 1061 Briccium
1172 998 1362 1060 secundario
1382 999 1495 1060 citatus

233 1130 297 1171 non
324 1109 513 1192 comparuit.

340 1216 417 1278 Item
442 1215 588 1296 Philipus
613 1214 728 1276 medici
763 1226 871 1275 contra
897 1213 1112 1295 Dragozlaum
1136 1212 1275 1295 juratum
1304 1225 1418 1273 octavo
1445 1212 1496 1275 die

234 1323 451 1405 respondebit.

341 1429 417 1490 Item
451 1429 563 1489 Petrus
598 1427 738 1488 decanus
774 1441 883 1488 contra
917 1425 1046 1509 Mathey
1078 1427 1178 1487 decan
1209 1425 1352 1487 secundo
1384 1425 1498 1487 citatus

225 1520 301 1599 'non
326 1535 515 1617 comparuit.

341 1641 418 1702 Item
449 1641 533 1701 idem
566 1640 694 1722 Mathey
728 1639 827 1700 decan
859 1653 974 1701 octavo
1009 1640 1060 1700 die
1094 1652 1202 1701 contra
1236 1639 1366 1700 Petrum
1390 1636 1497 1698 rufum

234 1763 329 1810 testes
353 1748 529 1830 producere
556 1747 660 1808 debet.

232 1903 235 1909 .
340 1855 416 1915 Item
429 1854 513 1915 idem
533 1855 643 1914 Petrus
660 1866 768 1914 contra
782 1852 920 1914 eundem
940 1852 1069 1935 Mathey
1082 1866 1196 1914 octavo
1210 1850 1262 1913 die
1279 1852 1494 1933 respondebit.

340 1961 417 2021 Item
448 1960 555 2021 relicta
582 1960 725 2020 Barnabe
749 1959 920 2020 sacerdotis
932 1957 965 2041 (I)
990 1973 1099 2021 contra
1123 1959 1252 2020 Petrum
1277 1958 1382 2040 prImo
1404 1957 1498 2019 citata

235 2067 423 2149 comparuit.

340 2172 418 2234 Item
443 2174 553 2235 Petrus
577 2173 616 2234 de
644 2172 810 2234 Branouch
835 2186 944 2234 contra
970 2172 1141 2234 Lucasium
1165 2171 1270 2254 primo
1295 2171 1410 2234 citatus
1432 2191 1498 2233 non

235 2299 300 2341 non
325 2281 513 2361 comparuit.

343 2389 420 2448 Item
445 2388 592 2448 Vrbanus
616 2400 726 2448 contra
751 2384 929 2467 Georgium
954 2387 1058 2468 primo
1077 2387 1190 2447 citatus
1214 2406 1278 2448 non
1304 2385 1494 2466 comparuit.

344 2493 420 2554 Item
440 2494 550 2554 Petrus
567 2507 676 2554 contra
695 2492 887 2574 Gregorium
909 2493 1065 2575 voyschar
1082 2505 1195 2554 octavo
1213 2492 1264 2552 die
1283 2490 1499 2573 respondebit.

346 2600 422 2660 Item
448 2599 535 2680 quod
560 2599 774 2680 jurameutum
793 2597 935 2680 Georgio
962 2599 1161 2680 carpentario
1186 2618 1281 2680 super
1305 2596 1497 2679 quibusdam

237 2705 330 2786 paliis
347 2719 456 2766 contra
473 2706 599 2786 aliquos
616 2705 765 2767 concives
781 2704 1090 2784 adjudicaveramus,
1115 2704 1213 2765 iidem
1230 2704 1378 2765 concives
1394 2702 1498 2764 eidem

238 2811 317 2872 illud
343 2810 559 2890 juramentum
583 2811 784 2873 dimiserunt.

342 2917 418 2979 Item
451 2918 576 2980 Samlar
608 2933 717 2980 contra
750 2917 943 2999 Gregorium
974 2918 1130 3001 voyschar
1161 2917 1351 2978 secundario
1387 2916 1501 2978 citatus

240 3043 304 3085 non
330 3023 519 3104 comparuit.

345 3131 422 3192 Item
448 3129 615 3191 Elisabeth
639 3150 720 3191 uxor
744 3131 852 3192 Mathe
877 3146 986 3193 contra
1018 3129 1231 3209 Anthonium,
1265 3128 1498 3211 Margaretham

241 3251 271 3299 et
296 3238 429 3299 alteram
455 3236 688 3317 Margaretham
716 3251 830 3299 octavo
855 3237 905 3298 die
931 3235 1048 3319 (testes)
1072 3236 1250 3319 producere
1275 3236 1380 3298 debet.

343 3361 421 3422 Item
439 3360 622 3422 Anthonius
645 3359 767 3441 juratus
790 3374 900 3424 contra
921 3361 1123 3424 Anthonium
1147 3359 1284 3422 Zitarich
1308 3373 1423 3422 octavo
1448 3359 1500 3420 die

240 3467 456 3551 respondebit.

346 3574 424 3636 Item
458 3575 566 3637 relicta
598 3575 721 3657 PauIyn
746 3588 855 3636 contra
888 3575 952 3636 Res
984 3587 1097 3637 octavo
1122 3575 1173 3636 die
1205 3587 1301 3636 testes
1323 3573 1500 3656 producere

239 3679 333 3742 debet
368 3695 477 3743 contra
514 3681 684 3743 Korlatum
719 3695 861 3743 sutorem
896 3695 927 3743 et
966 3679 1228 3744 Hansennicham
1267 3693 1298 3743 et
1329 3680 1499 3741 dominum

240 3787 422 3851 Miklinum.

345 3894 421 3955 Item
454 3894 616 3956 Iohannes
640 3909 748 3956 contra
773 3893 975 3957 Anthonium
999 3893 1137 3956 Zitarich
1161 3895 1266 3977 prImo
1297 3893 1410 3955 citatus
1435 3911 1501 3954 non

241 4001 429 4081 comparuit.

345 4106 423 4168 Item
457 4107 625 4170 Elizabeth
660 4106 777 4168 mulier
812 4120 921 4168 contra
958 4106 1129 4168 Korlatum
1163 4107 1267 4189 prImo
1303 4106 1396 4167 citata
1436 4124 1501 4166 non

240 4214 428 4294 comparuit.

346 4319 423 4380 Item
449 4320 562 4382 Paulas
586 4335 693 4383 contra
720 4321 912 4402 Gregorium
945 4320 1050 4401 prImo
1074 4320 1187 4382 citatus
1211 4339 1275 4382 non
1311 4319 1500 4402 comparuit.

347 4425 424 4486 Item
450 4426 625 4488 Hanslinus
656 4429 760 4489 taskar
790 4442 899 4489 contra
932 4427 1068 4489 Paulum
1098 4424 1224 4487 fabrum
1256 4425 1361 4507 primo
1386 4425 1500 4486 citatus

242 4552 306 4593 non
330 4533 519 4614 comparuit.

348 4656 425 4717 Item
457 4677 551 4719 causa
583 4658 706 4719 domini
740 4658 866 4719 Miklini
898 4671 1006 4720 contra
1040 4658 1103 4718 Res
1128 4677 1228 4738 usque
1261 4667 1334 4717 octo
1367 4654 1435 4716 dies
1460 4654 1500 4715 ad

242 4782 353 4845 pacem
378 4777 424 4825 est
449 4777 584 4846 recepta.
