3472 5234
629 325 713 380 Anno
736 319 826 399 1376.
853 356 891 366 —
916 336 968 397 29.
992 323 1104 397 apn'lis.
1469 341 1508 402 37

245 534 373 616 Angeli,
406 533 496 617 quod
518 533 586 617 ipse
616 553 717 615 usque
748 531 864 595 festum
898 535 989 595 beate
1021 534 1221 614 Margarethe
1245 533 1378 615 virginis
1401 547 1507 596 ortum

250 660 344 703 auum
368 641 471 724 sepire
503 640 615 720 debet,
647 640 792 722 alioquin
822 659 917 702 suum
947 638 1181 722 juramentum,
1212 639 1373 722 siquidem
1404 642 1509 721 stabit,

244 743 372 807 firmum
397 745 637 828 deponendum.

350 851 428 912 Item
453 849 611 913 lancbccb
635 849 795 913 aurifaber
811 863 921 913 contra
938 850 1073 912 luanum
1101 849 1241 912 Plauecb
1265 850 1370 933 primo
1395 849 1509 912 citatus

246 975 311 1018 non
335 957 524 1039 comparuit.

348 1081 428 1142 Item
453 1079 577 1162 Symon
600 1079 695 1141 Zolar
718 1091 828 1141 contra
853 1077 1013 1141 lanchech
1044 1078 1241 1142 aurifabrum
1264 1079 1370 1162 primo
1395 1081 1508 1142 citatus

246 1204 310 1247 non
332 1186 521 1268 comparuit.

216 1286 224 1299 '
349 1293 428 1354 Item
452 1311 547 1354 causa
571 1289 726 1353 lobannis
750 1303 780 1354 et
802 1290 934 1372 Georgii
958 1289 1124 1353 familiaris
1141 1291 1266 1353 domini
1289 1291 1442 1374 prepositi
1461 1305 1508 1354 est

244 1417 300 1480 per
314 1396 454 1479 judicem
469 1411 500 1459 et
512 1397 632 1479 juratos
644 1396 684 1459 ad
698 1396 810 1458 feriam
821 1411 942 1459 sextam
954 1397 1127 1479 plusquam
1143 1409 1309 1460 venturam
1323 1410 1505 1479 prorogata.

350 1521 429 1585 Item
453 1522 603 1584 Marenus
621 1534 731 1583 contra
748 1520 928 1583 Janslinum
953 1521 1171 1582 balneatorem
1188 1520 1294 1603 primo
1311 1520 1424 1582 citatus
1440 1538 1506 1582 non

243 1628 434 1712 comparuit.

348 1734 427 1796 Item
440 1733 568 1795 Mikech
584 1746 685 1795 sartor
702 1746 810 1795 contra
824 1733 960 1795 Paulum
974 1733 1084 1815 Kypar
1095 1744 1210 1795 octavo
1226 1732 1277 1794 die
1287 1732 1505 1814 respondebit.

348 1840 427 1902 Item
452 1839 573 1902 Mathia
604 1837 764 1901 aurifaber
795 1839 895 1900 Paulo
925 1839 1035 1922 Kypar
1066 1838 1098 1900 in
1130 1836 1303 1920 quindenis
1325 1857 1426 1900 unum
1448 1837 1505 1900 flo-

241 1966 356 2010 renum
387 1945 556 2028 persolvet.

345 2071 425 2132 ltem
448 2068 593 2131 Andreas
617 2067 791 2132 Gusichich
816 2080 925 2130 contra
957 2067 1113 2129 lacobum
1141 2065 1245 2129 filium
1276 2067 1376 2130 Marci
1399 2067 1505 2151 primo

242 2175 355 2238 citatus
378 2194 443 2237 non
468 2175 658 2258 comparuit.

348 2280 427 2344 ltem
451 2281 617 2343 Emericus
640 2295 755 2343 octavo
780 2280 832 2342 die
864 2281 1010 2343 atestabit
1033 2300 1091 2364 per
1114 2278 1283 2343 Chernecb
1315 2300 1450 2363 parvum
1475 2293 1505 2342 et

244 2385 413 2449 Miclinum
436 2405 532 2469 super
548 2405 600 2465 eo,
624 2387 712 2469 quod
730 2386 806 2448 luan
823 2386 883 2448 sibi
908 2405 962 2448 sex
978 2407 1093 2469 pensas
1110 2387 1317 2449 denariorum
1332 2400 1503 2451 teneretur.

347 2494 425 2555 Item
439 2493 541 2555 Lucas
553 2493 690 2576 pellipar
702 2506 812 2555 contra
822 2492 988 2555 Francbek
996 2494 1102 2576 primo
1113 2493 1227 2556 citatus
1237 2511 1303 2554 non
1314 2494 1503 2576 comparuit.

347 2616 426 2679 ltem
449 2621 543 2679 Anna
567 2616 684 2678 mulier
707 2629 821 2679 octavo
846 2616 897 2678 die
924 2635 980 2698 per
1005 2615 1212 2699 Stephanium
1236 2629 1267 2678 et
1290 2617 1421 2679 Luciam
1439 2631 1504 2679 ate·

239 2721 335 2785 stabit
360 2734 469 2784 contra
494 2720 603 2784 Mathe
627 2721 713 2804 quod
739 2722 843 2804 ipsam
870 2741 926 2784 sua
950 2740 1031 2783 uxor
1055 2722 1279 2786 verberaverit.

346 2827 424 2890 Item
449 2826 593 2889 Francba
617 2824 702 2889 filius
726 2827 850 2889 Nicolai
879 2840 993 2890 octavo
1025 2827 1077 2889 die
1101 2847 1157 2911 per
1181 2828 1260 2890 Pasa
1284 2841 1316 2890 et
1339 2826 1503 2891 Thomam

241 2931 440 2996 aurifabrum
467 2934 615 2996 ateatabit
643 2953 738 3017 super
770 2953 820 3012 eo,
853 2934 941 3016 quod
973 2934 1040 3017 ipse
1065 2933 1223 3015 Gregorio
1246 2932 1408 2996 aurifabro
1439 2947 1504 2997 tres

240 3057 363 3103 marcas
386 3039 592 3102 denariorum
617 3039 749 3102 nomine
772 3039 876 3101 mutui
901 3039 1132 3104 acomodasset.

344 3162 422 3224 Item
457 3182 551 3225 causa
574 3163 681 3224 Deseu
713 3163 752 3224 de
784 3163 933 3225 Zanabor
963 3176 994 3225 et
1025 3163 1114 3225 Hane
1145 3176 1192 3225 est
1221 3182 1279 3246 per
1310 3163 1431 3244 judices
1461 3162 1502 3225 ad

240 3280 313 3332 octo
337 3267 406 3331 dies
428 3282 610 3351 prorogata,
642 3288 740 3350 quam
772 3287 899 3330 causam
931 3289 988 3352 per
1011 3267 1166 3353 Gyurgek
1189 3281 1221 3332 et
1244 3267 1387 3331 Francha
1417 3269 1501 3331 auri·

238 3372 366 3437 fabrum
390 3374 600 3456 comprobare
625 3387 733 3457 presto
756 3387 823 3437 erat
846 3388 1014 3457 promptus
1038 3388 1069 3436 et
1092 3387 1230 3458 paratus.

345 3481 424 3543 Item
448 3499 542 3543 causa
567 3479 721 3563 Gyurgelc
745 3493 776 3542 et
798 3478 928 3546 Nicolai
952 3494 999 3543 est
1029 3500 1086 3563 per
1108 3480 1229 3562 judices
1264 3480 1304 3542 ad
1336 3491 1410 3542 octo
1433 3479 1502 3542 dies

240 3600 412 3669 prorogata
437 3586 564 3650 racione
588 3587 748 3649 bonorum
772 3599 803 3648 et
825 3605 933 3649 rerum
959 3586 1097 3650 Strosalr.

344 3709 422 3773 ltem
446 3710 607 3772 lanslinus
638 3710 862 3772 balneatoria
899 3710 1071 3791 quindenis
1095 3708 1238 3792 Georgio
1270 3711 1350 3772 duas
1380 3730 1502 3773 marcae

239 3814 446 3878 denariorum
460 3828 491 3878 et
506 3814 604 3898 judici
618 3835 715 3877 unam
729 3834 870 3878 marcam
884 3816 1026 3878 exsolvet
1038 3829 1169 3899 propter
1181 3814 1320 3898 quedam
1333 3816 1500 3899 vituperia.

344 3922 422 3984 ltem
446 3920 628 3984 Alexander
652 3920 729 3983 feria
746 3934 833 3983 sexta
849 3920 967 4003 jurabit
989 3934 1098 3984 contra
1114 3920 1199 3984 filios
1222 3921 1348 3984 Crisani
1371 3921 1500 3984 racione

238 4026 405 4090 cuiusdam
429 4027 585 4106 clamidis,
602 4041 633 4089 et
656 4047 750 4109 super
767 4045 832 4108 quo
845 4026 963 4109 jurabit
981 4027 1013 4089 in
1031 4027 1214 4109 quindenis,
1229 4027 1289 4088 eibi
1306 4027 1500 4110 persolvent.

342 4133 422 4196 ltem
447 4132 608 4196 lohannes
624 4133 798 4216 pelliparua
815 4145 924 4195 contra
951 4133 1109 4196 Briccium
1137 4132 1280 4196 secundo
1304 4133 1417 4196 citatus
1434 4151 1500 4194 non

237 4241 427 4323 comparuit.

343 4345 421 4408 ltem
446 4347 558 4409 Marko
575 4344 660 4408 filius
677 4345 798 4409 Gemez
814 4345 954 4428 judicem
976 4357 1008 4408 et
1024 4343 1145 4427 juratos
1162 4357 1193 4406 et
1208 4363 1380 4427 preconem
1398 4363 1499 4426 usque

237 4464 310 4515 octo
335 4451 404 4515 diea
427 4452 523 4514 debet
546 4452 756 4534 complacare,
781 4451 926 4533 alioquin
946 4450 1104 4533 justiciam
1129 4448 1283 4513 faciemus
1305 4451 1346 4512 de
1371 4450 1497 4513 eodem.

343 4558 421 4622 ltem
446 4559 553 4621 Malka
578 4573 692 4620 octavo
716 4558 768 4620 die
790 4558 963 4619 duodecim
986 4557 1132 4639 personis
1155 4557 1215 4618 sibi
1239 4557 1398 4619 similibus
1415 4556 1499 4639 jura·

236 4676 380 4726 mentum
412 4664 573 4747 deponere
606 4665 702 4726 debet
731 4682 901 4748 supereo,
933 4663 1020 4744 quod
1047 4663 1114 4745 ipsa
1145 4662 1308 4743 quendam
1332 4662 1497 4745 pellicium

238 4768 367 4832 cuidam
390 4770 518 4832 mulieri
543 4790 599 4832 sue
623 4769 739 4832 ancille
763 4789 827 4831 non
853 4767 1002 4830 dedisset.
