3472 5234
262 277 321 340 194
645 260 731 317 Anno
750 255 841 335 1383.
867 293 907 302 -
934 272 982 335 14.
1006 261 1119 334 aprilis.

357 471 434 532 Item
459 471 612 532 Nicolaus
635 483 744 532 contra
771 470 983 531 Laurencium
1014 469 1153 551 juratum
1177 471 1282 553 primo
1306 471 1420 533 citatus
1444 492 1511 535 non

249 592 438 662 comparuit.

354 685 432 746 Item
457 682 619 745 Iohannes
650 681 734 744 filius
768 681 886 743 Donati
918 695 1028 745 contra
1064 681 1241 765 Georgium
1276 684 1372 746 Loter
1394 698 1509 746 octavo

249 793 301 855 die
325 790 542 874 respondebit.

354 899 432 960 Item
465 895 622 957 Martinus
652 894 808 977 Zekyrich
841 909 950 956 contra
984 894 1165 957 Iohannem
1197 895 1293 957 Liber
1316 909 1431 958 octavo
1457 896 1509 958 die

250 1003 467 1088 respondebit.

353 1112 431 1173 Item
456 1110 568 1170 Petrus
592 1120 702 1169 contra
727 1106 804 1168 Osie
828 1107 933 1190 primo
957 1107 1070 1169 citatus
1095 1127 1159 1168 non
1184 1107 1374 1189 comparuit.

352 1218 430 1279 Item
455 1215 567 1276 Petrus
590 1227 691 1275 sartor
714 1226 824 1274 contra
849 1212 1030 1275 Iohannem
1054 1213 1159 1296 primo
1184 1213 1298 1276 citatus
1328 1233 1394 1276 non
1419 1234 1508 1276 com·

248 1337 363 1408 parurt.

353 1432 431 1493 Item
456 1449 551 1491 causa
576 1427 667 1489 Pauli
692 1426 823 1508 pictoris
845 1439 955 1488 contra
973 1427 1103 1488 Petrum
1126 1426 1167 1488 ad
1191 1440 1341 1489 octavum
1365 1427 1450 1491 diem
1468 1428 1509 1490 ad

247 1558 360 1621 pacem
384 1550 431 1598 est
454 1549 591 1618 recepta.

352 1644 429 1705 Item
448 1642 562 1703 Paulas
579 1654 689 1702 contra
702 1640 818 1722 Elyam
835 1659 969 1721 parvum
983 1639 1087 1721 primo
1100 1639 1214 1701 citatus
1231 1658 1296 1701 non
1313 1640 1503 1722 comparuit.

352 1751 428 1812 Item
462 1747 594 1810 domIna
625 1746 734 1809 relicta
768 1744 897 1807 Thome
929 1744 968 1805 de
1001 1743 1177 1827 Oporouch
1209 1745 1363 1827 quasdam
1389 1745 1506 1807 domus

246 1877 318 1918 suas
342 1875 444 1937 usque
468 1853 647 1936 quindenas
670 1873 687 1914 a
713 1851 891 1913 Laurencio
917 1849 1020 1931 jurato
1044 1850 1202 1912 redimere
1226 1851 1331 1913 debet.

352 1962 431 2023 Item
448 1959 596 2043 Mychael
612 1958 696 2020 filius
714 1957 862 2019 Damiani
879 1977 936 2039 per
954 1956 1123 2019 Herricum
1141 1957 1325 2040 pellificem‚
1350 1959 1506 2020 Iacobum

246 2068 384 2152 Kupyeh
408 2067 469 2128 hoc
495 2080 610 2128 octavo
634 2065 687 2125 die
711 2064 868 2142 atestabit,
894 2063 981 2144 quod
1012 2063 1143 2125 domina
1168 2064 1337 2126 Elizabeth
1353 2065 1507 2146 quasdam

244 2176 350 2237 literas
374 2194 431 2257 pro
457 2173 512 2235 CL
538 2172 652 2234 marcis
674 2171 918 2253 inpignorasset.

349 2281 427 2342 Item
459 2279 590 2341 domina
623 2296 754 2340 consors
777 2275 941 2336 Dominici
971 2275 1103 2358 pictoris
1135 2290 1249 2338 octavo
1274 2277 1326 2339 die
1349 2278 1449 2340 tercio
1474 2297 1507 2340 se

199 2432 200 2436 ,
243 2408 337 2470 super
361 2406 400 2448 eo
423 2385 551 2468 jurabit,
576 2383 664 2466 quod
688 2383 756 2464 ipsa
780 2382 812 2442 in
837 2381 978 2463 quodam
1005 2380 1168 2443 furticinio
1193 2383 1348 2445 innocens
1371 2384 1420 2446 sit.

349 2493 428 2555 Item
454 2490 633 2574 Stephanus
657 2491 723 2551 Rez
755 2488 795 2549 de
820 2488 873 2549 iIIa
904 2488 1041 2570 pecunia
1069 2508 1142 2549 cum
1175 2508 1238 2570 qua
1263 2490 1364 2551 Paulo
1387 2489 1503 2572 pictori

242 2616 378 2680 tenetur,
402 2619 503 2661 unum
527 2619 582 2659 vas
603 2597 669 2658 vini
692 2594 851 2658 defalcare
875 2594 981 2657 debet.

348 2708 426 2768 Item
451 2705 569 2767 Paulus
592 2704 695 2786 pictor
727 2722 783 2785 per
814 2702 943 2763 Petrum
976 2714 1142 2779 sartorem,
1167 2701 1329 2763 Thomam
1361 2701 1500 2784 juratum

242 2832 272 2879 et
297 2815 450 2877 Mathiam
476 2813 537 2874 hoc
562 2811 709 2873 atestabit
733 2823 846 2870 octavo
871 2808 934 2886 die,
966 2806 1054 2888 quod
1079 2807 1146 2889 ipse
1172 2827 1311 2869 unacum
1340 2807 1504 2890 Stephano

242 2925 309 2983 Rez
335 2922 365 2982 In
391 2918 529 3000 quadam
555 2937 648 2978 causa
673 2915 879 2977 concordiam
906 2912 1079 2974 habuisset.

347 3026 424 3087 Item
450 3045 545 3085 causa
571 3022 690 3085 Mathie
715 3021 807 3103 jurati
841 3034 950 3081 contra
976 3020 1058 3080 Rees
1089 3018 1129 3080 ad
1154 3017 1266 3081 feriam
1299 3019 1430 3081 terciam
1457 3032 1504 3080 est

241 3145 422 3215 prorogata.

347 3237 422 3297 Item
449 3236 593 3297 Thomas
625 3247 734 3295 contra
767 3231 874 3293 Mathe
906 3231 1004 3292 Pazar
1027 3251 1083 3313 per
1113 3231 1375 3293 commissionem
1408 3230 1501 3311 jurati

241 3343 273 3403 in
297 3342 417 3422 judicio
442 3361 506 3402 non
532 3340 722 3422 comparuit.

320 3560 416 3632 Feria
444 3563 552 3631 tercia
581 3561 735 3648 proxima
762 3566 839 3648 post
867 3568 1007 3630 octavas
1035 3558 1113 3629 festi
1142 3558 1231 3629 beati
1261 3555 1431 3630 Ambrosii

759 3682 971 3755 contessoris.

763 3836 825 3914 (14.
844 3836 973 3910 apn'lis).

343 3980 422 4042 Item
459 3979 634 4040 Damianus
669 3978 768 4059 pistor
804 3991 914 4038 contra
956 3976 1103 4037 Matheus
1138 3976 1243 4058 primo
1282 3975 1397 4038 citatus
1432 3995 1498 4037 non

237 4098 427 4168 comparurt.

342 4192 419 4253 Item
444 4210 538 4252 causa
563 4190 662 4251 Marci
688 4188 809 4251 Gemze
833 4201 943 4250 contra
967 4187 1080 4270 Cygan
1105 4187 1145 4248 ad
1170 4201 1320 4249 octavum
1345 4187 1432 4249 diem
1458 4188 1499 4249 ad

235 4317 348 4381 pacem
374 4311 420 4358 est
443 4310 579 4378 recepta.

341 4403 419 4465 Item
445 4403 607 4465 Iohannes
629 4401 713 4463 filius
737 4401 914 4483 Mychaelis
931 4413 1040 4462 contra
1065 4399 1245 4461 Iohannem
1270 4399 1424 4461 Hermani
1444 4419 1497 4462 oc-

233 4525 308 4571 tavo
332 4510 385 4570 die
409 4509 626 4592 respondebit.

340 4614 417 4677 Item
442 4616 605 4677 Iohannes
629 4615 772 4676 literatus
796 4627 911 4675 octavo
935 4613 986 4675 die
1011 4634 1067 4696 per
1090 4614 1269 4675 Barnabam
1294 4612 1493 4674 sacerdotem

234 4735 264 4783 et
289 4721 417 4782 Petrum
433 4722 608 4804 plebanum
626 4720 665 4781 de
682 4734 791 4781 sancta
807 4720 1008 4801 Margaretba
1025 4719 1087 4781 hoc
1102 4720 1258 4799 atestabit,
1281 4718 1370 4800 quod
1389 4719 1494 4801 ipsum
