3472 5234
1413 314 1473 374 353

247 414 324 420 ’ψ
336 412 426 419 .———
430 412 436 417 .
440 407 642 417 ..--——...-——-
647 404 1081 413 -.——-——-—--———

319 518 397 579 Item
422 513 603 596 Stephanus
627 526 741 573 octavo
766 511 817 572 die
842 522 951 572 contra
969 508 1144 591 Symonem
1166 526 1261 590 super
1285 525 1324 568 eo
1348 504 1475 587 jurabit,

212 624 301 707 quod
333 623 401 705 ipse
432 620 518 682 dicto
551 617 686 700 Symoni
718 630 840 700 septem
879 616 985 697 pensis
1017 613 1221 676 denariorum
1254 611 1379 674 debitor
1410 629 1477 672 nou

214 730 319 795 Iuerit.

646 870 743 946 FerIa
772 880 872 945 sexta
900 892 1056 962 sequens.

319 1047 396 1109 Item
423 1044 599 1107 Hanslinus
623 1041 762 1104 condam
786 1040 907 1122 juratus
923 1054 1033 1103 contra
1059 1039 1213 1102 Mathiam
1236 1039 1342 1123 primo
1364 1038 1478 1101 citatus

215 1175 280 1216 non
313 1151 502 1235 comparuit.

322 1258 399 1321 Item
414 1276 508 1318 causa
523 1255 607 1317 Iwan
625 1266 656 1316 et
673 1254 744 1337 Isyp
761 1254 801 1316 ad
825 1266 974 1315 octavum
992 1253 1077 1314 diem
1094 1253 1134 1314 ad
1151 1271 1263 1336 pacem
1281 1266 1327 1314 est
1340 1263 1476 1334 recepta.

323 1367 401 1428 Item
427 1362 594 1444 Philippus
625 1360 742 1423 medici
775 1373 806 1423 et
839 1360 993 1421 LucasIus
1024 1372 1134 1421 contra
1165 1359 1294 1421 Petrum
1319 1356 1478 1421 famulum

217 1470 368 1550 Delasich,
390 1469 495 1554 primo
520 1467 606 1530 citati
630 1486 695 1528 non
720 1479 977 1550 comparuerunt.

322 1578 401 1638 Item
425 1575 598 1657 Dragonya
622 1586 710 1634 sutor
734 1586 764 1635 et
788 1573 933 1634 Andreas
963 1584 1053 1634 sutor
1076 1584 1185 1633 contra
1210 1570 1347 1632 Selezko
1371 1569 1477 1653 primo

216 1685 301 1747 citati
327 1702 392 1744 non
417 1692 674 1762 comparuerunt.

321 1790 399 1852 Item
424 1786 588 1848 Iohannes
610 1784 694 1847 iilius
718 1783 829 1846 militis
852 1797 964 1847 contra
988 1783 1179 1845 Mauricium
1204 1781 1347 1844 secundo
1364 1781 1478 1844 citatus

216 1916 281 1959 non
307 1893 496 1976 comparuit.

323 2001 400 2062 Item
427 1997 589 2060 Iohannes
612 1995 698 2058 filius
722 1996 840 2059 Donati
872 2009 981 2058 contra
1006 1995 1208 2058 Anthonium
1240 1995 1341 2057 Reuis
1363 2008 1478 2057 octavo

216 2107 268 2171 die
293 2104 509 2188 respondebit.

323 2212 401 2274 Item
426 2208 582 2292 Zekyrich
607 2220 717 2271 contra
742 2206 888 2290 Dragech
912 2222 1027 2270 octavo
1052 2207 1103 2270 die
1132 2207 1350 2290 respondebit.

323 2318 400 2380 Item
427 2318 509 2378 Rees
534 2328 643 2377 contra
667 2315 772 2398 Remp
793 2315 898 2396 prImo
923 2314 1036 2377 citatus
1057 2333 1123 2376 non
1148 2314 1337 2396 comparuit.

321 2425 399 2486 Item
424 2422 537 2505 Cygan
570 2433 679 2482 contra
712 2422 857 2482 Marcum
888 2419 991 2482 filium
1023 2420 1208 2504 Blanchych
1241 2433 1272 2482 et
1298 2419 1477 2483 Iohannem

217 2530 415 2594 aurifabrum
439 2543 553 2590 octavo
579 2527 631 2588 die
655 2526 873 2611 respondebit.

323 2637 401 2698 Item
427 2633 511 2696 Iwao
535 2647 623 2696 sutor
647 2646 756 2694 contra
781 2632 866 2694 Iwan
899 2630 992 2695 Jofan
1025 2633 1130 2716 primo
1154 2633 1267 2695 citatus
1299 2652 1364 2694 non
1392 2652 1480 2695 com·

216 2742 331 2827 paruit.
521 2732 525 2741 ¹

321 2848 399 2910 Item
432 2844 614 2928 Stephanus
644 2844 805 2908 Pecohleb
836 2859 947 2908 contra
979 2847 1134 2909 Iacobum
1167 2845 1246 2908 Bole
1270 2846 1413 2908 secundo
1437 2845 1480 2907 ci·

217 2970 301 3017 tatus
325 2973 389 3015 non
418 2952 608 3034 comparuit.

326 3059 403 3122 Item
421 3058 603 3120 Mosnarich
621 3071 731 3120 contra
748 3057 932 3121 Dionisium
949 3058 1054 3141 prImo
1072 3058 1185 3120 citatus
1200 3077 1267 3120 non
1291 3057 1481 3139 comparuit.

324 3166 401 3227 Item
428 3164 604 3225 Hanslinus
621 3164 757 3226 condam
781 3163 903 3246 juratus
926 3178 1037 3228 contra
1053 3164 1216 3226 Andream
1240 3164 1346 3248 primo
1367 3165 1481 3227 citatus

218 3293 281 3334 non
306 3271 496 3354 comparuit.

326 3378 403 3441 Item
435 3376 596 3439 Iohannes
628 3377 775 3461 Samlyar
806 3391 915 3440 contra
951 3379 1078 3440 Petrum
1103 3379 1245 3440 secundo
1277 3378 1391 3441 citatus
1414 3397 1480 3440 noo

218 3485 407 3568 comparuit.
484 3478 489 3488 ’

323 3591 401 3652 Item
427 3590 580 3652 Herricus
614 3588 743 3672 pellifex
776 3604 887 3652 contra
911 3577 1059 3665 'relictam
1085 3590 1229 3654 Cristlini
1262 3591 1405 3653 secundo
1438 3590 1481 3652 ci-

217 3712 302 3760 tatus
327 3717 390 3759 non
416 3696 605 3779 comparuit.

324 3803 402 3865 Item
427 3801 604 3883 Gregorius
628 3801 869 3885 Chudauchych
893 3816 1003 3866 contra
1021 3803 1180 3867 Janchech
1204 3803 1348 3866 secundo
1369 3803 1483 3865 citatus

219 3929 285 3970 non
311 3909 500 3990 comparuit.

326 4014 403 4076 Item
434 4014 625 4077 Valentinus
656 4015 805 4077 sacerdos
839 4028 949 4078 contra
983 4016 1098 4099 Iaklyn
1130 4016 1236 4099 prImo
1268 4015 1381 4077 citatus
1416 4033 1481 4076 non

221 4118 411 4201 comparuit.

328 4225 407 4287 Item
432 4245 525 4287 causa
551 4225 713 4288 Valentini
746 4240 856 4289 contra
889 4227 1125 4308 Margaretham
1150 4227 1190 4289 ad
1222 4240 1371 4289 octavum
1396 4226 1482 4288 diem

220 4331 261 4391 ad
286 4350 398 4413 pacem
423 4344 469 4392 est
493 4345 628 4413 recepta.

327 4437 405 4498 Item
430 4437 552 4520 Symon
575 4436 660 4498 filius
685 4436 877 4521 Chepernya
902 4450 1012 4500 contra
1041 4438 1221 4500 Iohannem
1246 4437 1346 4500 filium
1373 4438 1484 4501 militis

221 4543 326 4625 primo
350 4543 464 4604 citatus
488 4562 552 4603 non
576 4543 766 4625 comparuit.

327 4648 405 4711 Item
439 4649 591 4711 Scitarich
623 4664 734 4711 contra
766 4649 932 4712 Vrbanum
964 4648 1161 4712 aurifabrum
1197 4648 1339 4711 secundo
1372 4650 1485 4712 citatus

223 4775 288 4817 non
313 4755 502 4838 comparuit.

1340 4861 1379 4924 23
