3472 5234
243 305 282 383 56
465 291 469 300 ⁸
615 303 815 382 Ann01376.
840 339 880 349 -
904 319 954 366 22.
978 308 1106 380 augusti.

1441 414 1499 423 —

346 516 424 577 Item
454 535 548 578 causa
580 516 672 578 Pauli
704 517 814 599 Kypar
845 528 876 578 et
900 515 976 578 Iuan
1009 531 1056 578 est
1087 537 1143 600 per
1167 517 1337 579 Nicolaum
1369 519 1501 580 Zreber·

240 622 333 685 nicha
358 622 398 684 ad
423 635 497 685 octo
521 622 589 683 dies
613 635 739 704 recepta
764 620 803 683 ad
827 641 950 705 pacem.

346 728 424 790 Item
458 747 551 790 causa
586 729 690 790 Fortis
722 741 754 790 et
784 728 950 791 Benedicti
982 740 1029 790 est
1050 749 1108 812 per
1140 728 1319 791 Iohannem
1344 731 1441 792 Liber
1471 745 1502 793 et

241 834 443 917 Mychaelem
466 834 625 917 Damyani
650 834 690 896 ad
714 848 787 896 octo
816 834 884 895 dies
908 848 1034 917 recepta
1059 834 1099 896 ad
1122 855 1245 917 pacem.

345 940 424 1002 Item
448 940 608 1022 Georgius
641 941 851 1002 stacIonarius
882 953 992 1003 contra
1017 941 1164 1002 Markum
1198 939 1301 1002 filium
1334 942 1501 1005 Chernech

240 1048 345 1131 primo
370 1048 484 1109 citatus
514 1067 580 1108 non
603 1047 793 1129 comparuit.

346 1152 425 1215 Item
449 1151 633 1215 Anthonius
664 1165 753 1215 sutor
781 1166 891 1216 contra
920 1153 1064 1215 Blasium
1095 1166 1236 1215 sutorem
1260 1153 1365 1236 primo
1390 1154 1503 1215 citatus

239 1279 305 1321 non
330 1260 519 1342 comparuit.

346 1364 425 1426 Item
449 1364 579 1426 Lachko
603 1377 713 1427 contra
736 1364 912 1447 parlerium
934 1364 1076 1426 secundo
1101 1365 1213 1427 citatus
1229 1384 1295 1426 non
1312 1367 1501 1448 comparuit.

345 1473 424 1533 Item
441 1491 535 1534 causa
553 1470 707 1533 Iohannis
731 1471 846 1532 Lieber
863 1485 893 1531 et
909 1471 1039 1533 alterius
1056 1470 1210 1533 Iohannis
1231 1486 1278 1533 est
1300 1491 1356 1554 per
1380 1471 1502 1553 judices
1592 1485 1594 1489 ’

239 1578 280 1641 ad
305 1592 378 1641 octo
411 1578 479 1639 dies
509 1589 680 1660 prorogata
704 1576 744 1638 ad
775 1595 886 1659 pacem
918 1577 943 1637 si
977 1576 1229 1655 concordabunt,
1253 1578 1333 1638 bene
1358 1577 1502 1659 quidem,

240 1684 385 1766 alioquin
410 1683 568 1765 justiciam
590 1683 720 1766 plenam
745 1681 899 1744 iaciemus
922 1682 1004 1744 inter
1028 1695 1141 1765 partes.

346 1790 425 1850 Item
449 1789 553 1851 Lucas
577 1800 686 1850 contra
709 1787 848 1850 Paulum
871 1801 1013 1849 sutorem
1036 1787 1077 1849 ad
1093 1788 1282 1850 mandatum
1305 1788 1419 1870 judicis
1436 1807 1502 1851 non

240 1896 430 1979 comparuit.

345 2000 424 2063 Item
449 2001 525 2082 quIa
550 2001 674 2081 Regina
699 2001 730 2061 In
754 2000 918 2083 presencia
950 2000 1072 2062 Mateni
1098 2012 1129 2062 et
1153 1999 1301 2082 Gregorii
1332 2000 1426 2082 jurati
1452 2001 1499 2083 ju·

241 2107 345 2175 ditem
367 2107 565 2188 deturpasset
589 2105 715 2167 dicens:
740 2107 818 2187 quid
843 2120 947 2188 potest
970 2105 1066 2167 michi
1093 2105 1189 2186 judex
1213 2105 1326 2185 facere,
1351 2126 1427 2188 ergo
1455 2119 1501 2169 est

240 2213 386 2274 convicta
409 2211 441 2273 In
466 2211 495 2272 X
527 2211 640 2272 marcis
664 2211 887 2287 denariorum
919 2211 1021 2293 ipsam
1045 2223 1153 2273 autem
1184 2231 1313 2273 causam
1338 2211 1498 2294 Georgius

240 2318 394 2395 literatus,
419 2330 606 2400 procurator
630 2317 728 2400 ipsius
753 2317 906 2396 domine,
930 2316 971 2378 ad
1000 2316 1150 2397 antiquos
1180 2316 1302 2398 judices
1326 2318 1501 2400 appellavit

240 2424 281 2487 ad
304 2425 473 2486 sabbatum
497 2442 583 2484 nunc
607 2423 789 2486 instantem.

318 2642 415 2716 Ieria
443 2656 542 2715 sexta
569 2645 724 2732 proxima
751 2650 828 2732 post
855 2643 979 2715 festum
1006 2646 1116 2715 sancti
1145 2646 1235 2734 regis
1262 2644 1430 2734 Stephani.

761 2790 827 2873 (22.
850 2794 993 2877 augum).

345 2935 424 2998 Item
456 2940 550 2998 Anna
582 2935 792 2998 Kusilouicha
824 2950 934 2998 contra
972 2936 1142 2999 luaninum
1174 2937 1279 3020 primo
1311 2938 1405 2999 citata
1435 2957 1501 3001 non

240 3041 430 3124 comparuit.

346 3146 425 3208 Item
450 3146 597 3208 Geninus
621 3161 732 3209 contra
756 3167 887 3209 uxorem
910 3146 1003 3209 Mafie
1028 3162 1141 3210 octavo
1167 3148 1218 3210 die
1240 3148 1457 3230 respondebit.

346 3252 424 3313 Item
449 3271 543 3314 causa
578 3253 663 3313 Petri
695 3267 725 3313 et
757 3253 925 3314 Laurencii
957 3253 1049 3334 jurati
1075 3267 1122 3315 est
1144 3275 1200 3337 per
1230 3254 1339 3316 Sibich
1363 3255 1403 3315 ad
1428 3268 1501 3317 octo

241 3358 310 3420 dIes
333 3371 459 3438 recepta
483 3357 523 3419 ad
548 3377 670 3439 pacem.

347 3463 425 3524 Item
450 3464 601 3543 magister
625 3462 769 3524 Francha
786 3460 946 3525 aurifaber
967 3477 1076 3524 contra
1097 3464 1217 3526 Lucam
1241 3465 1379 3545 juratum
1395 3466 1501 3548 primo
1606 3491 1608 3494 ’

240 3570 353 3632 citatus
376 3588 442 3629 non
466 3569 655 3650 comparuit.

345 3673 424 3735 Item
448 3673 641 3735 Benedictus
665 3672 804 3735 carnifex
829 3687 938 3735 contra
971 3675 1126 3735 Iacobum
1152 3675 1231 3736 Bole
1254 3676 1359 3758 primo
1384 3677 1500 3739 citatus

241 3798 306 3841 non
339 3779 529 3860 comparuit.

345 3883 421 3944 Item
447 3883 605 3965 Mychael‚
630 3884 742 3944 Marko
766 3897 796 3944 et
818 3881 944 3965 Cupich
977 3896 1086 3945 contra
1111 3886 1267 3947 Iacobum
1290 3888 1370 3949 Bole
1395 3889 1500 3970 prImo

242 3989 328 4050 citati
354 4007 419 4048 non
444 4002 700 4069 comparuerunt.

347 4093 425 4154 Item
449 4093 518 4154 Elia
543 4092 627 4154 filius
652 4093 787 4153 Mathias
822 4107 930 4154 contra
955 4095 1108 4155 Iacobum
1134 4097 1214 4158 Bole
1246 4111 1360 4160 octavo
1384 4099 1435 4160 die
1467 4121 1500 4163 se

241 4199 357 4259 tercius
382 4197 498 4279 jurabit
522 4199 554 4259 In
579 4218 629 4277 e0,
664 4199 753 4279 quod
784 4199 852 4280 ipse
881 4218 974 4259 suum
1006 4220 1149 4281 pannum
1173 4203 1332 4264 custodire
1363 4224 1428 4267 non
1452 4226 1500 4267 as·

239 4303 424 4386 sumpsisset
449 4302 488 4364 de
513 4302 656 4385 Petouya
681 4303 851 4366 veniendo,

347 4409 425 4470 Item
450 4409 600 4470 Miclinus
623 4409 744 4489 juratus
767 4412 913 4471 atestabit
936 4424 1050 4472 octavo
1067 4411 1118 4473 dIe
1143 4433 1200 4494 per
1224 4415 1424 4478 Anthonium
1448 4438 1499 4480 su·

239 4527 353 4593 torem,
377 4513 540 4576 Thomam
564 4514 760 4596 freniparum
785 4529 816 4576 et
839 4516 1038 4578 Anthonium
1064 4518 1165 4578 Reniz
1189 4539 1224 4581 ac
1249 4521 1405 4583 Iacobum
1432 4525 1499 4605 pel·

239 4617 356 4680 Iificem
379 4632 488 4681 contra
505 4621 679 4701 Baptistam
696 4640 791 4702 super
811 4641 860 4699 eo,
878 4622 967 4704 quod
991 4623 1095 4704 ipsum
1112 4625 1143 4684 in
1161 4623 1241 4685 festo
1266 4627 1356 4688 beate
1375 4630 1500 4710 Marga-

240 4723 327 4787 retha
349 4724 382 4785 In
407 4725 560 4787 nundinis
588 4726 823 4808 vituperaverit.
