3472 5234
603 328 803 409 Anno1384.
829 365 869 375 -
892 345 924 408 4.
947 332 1118 390 novembris.

1239 437 1496 444 ————

339 544 416 606 Item
441 542 601 624 Georgius
616 542 837 604 stachunarius
853 556 963 603 contra
989 541 1113 602 Malech
1131 541 1273 603 secundo
1292 541 1404 603 citatus
1429 560 1493 602 non

158 649 166 670 '
233 651 423 733 comparuit.

339 756 417 819 Item
443 755 603 836 Georgius
626 754 846 816 stachunarius
870 768 979 816 contra
998 753 1198 837 Mychaelem
1223 752 1365 815 secundo
1382 752 1497 814 citatus

235 883 300 924 non
325 862 515 944 comparuit.

341 968 418 1030 Item
436 967 597 1030 Johannes
613 965 782 1049 Praudych
799 978 910 1027 contra
928 965 1122 1047 Gregorium
1140 965 1337 1027 aurifabrum
1355 964 1496 1027 secundo

236 1075 349 1137 citatus
373 1093 438 1135 non
463 1073 652 1156 comparuit.

341 1181 419 1243 Item
445 1180 625 1263 Stephanus
649 1178 827 1262 Chaplych‚
853 1178 998 1240 Ceuctlto
1023 1177 1107 1240 fillus
1136 1177 1269 1260 Pecych‚
1295 1178 1443 1239 Vrbanus
1467 1187 1498 1236 et

236 1286 301 1348 duo
327 1285 438 1348 famuli
464 1285 589 1364 Paulas,
615 1284 754 1346 famulus
772 1284 952 1362 LaurencIi,
977 1284 1114 1365 quilibet
1136 1303 1247 1344 eorum
1272 1283 1371 1344 tercio
1394 1301 1427 1342 se
1445 1301 1497 1342 oc·

237 1407 311 1454 tavo
336 1392 388 1453 die
413 1391 573 1470 jurabunt,
598 1391 686 1472 quod
711 1390 769 1472 ipsi
796 1389 976 1471 Dragozlao
1002 1389 1099 1451 nichil
1125 1389 1252 1471 depasci
1278 1387 1419 1451 iecerint.

342 1498 421 1560 Item
446 1497 534 1579 quod
559 1497 634 1579 quia
652 1496 783 1579 quidam
805 1495 926 1576 judices
943 1495 1065 1576 antiqui
1091 1509 1278 1557 attestarunt
1302 1507 1336 1556 ut
1359 1493 1496 1575 quedam

238 1605 330 1666 vinea
348 1602 470 1686 stych
489 1603 574 1685 Span
592 1601 703 1664 fuisset
726 1615 851 1679 statuta,
869 1601 942 1662 ideo
959 1601 1192 1682 judicaverunt,
1214 1601 1302 1683 quod
1327 1601 1392 1682 ipse
1411 1599 1497 1682 Span

239 1710 346 1772 debita
382 1709 509 1771 racione
541 1707 707 1770 cuiusdam
739 1722 918 1769 manstruce
947 1706 1046 1768 nichil
1077 1707 1249 1786 habuisset,
1281 1707 1368 1768 solus
1395 1706 1499 1787 jurare

238 1815 351 1892 debet3
376 1815 515 1876 Iacobus
538 1826 646 1876 autem
663 1813 766 1895 ipsam
791 1833 918 1874 causam
943 1813 983 1873 ad
1001 1814 1152 1895 antiquos
1176 1813 1299 1894 judices
1315 1812 1498 1895 appellavit.

343 1921 420 1982 Item
447 1920 629 1982 Hermanus
645 1933 754 1981 contra
771 1918 953 2000 piliatorem
968 1919 1073 2001 prImo
1090 1919 1203 1981 citatus
1219 1939 1284 1980 non
1309 1918 1500 2000 comparuit.

345 2026 424 2087 Item
448 2026 510 2087 due
529 2026 679 2088 mulieres
696 2038 726 2087 et
744 2024 936 2087 Benedictus
949 2025 1092 2106 'piliator,
1110 2026 1247 2106 quilibet
1271 2044 1383 2086 eorum
1402 2025 1500 2086 tercio

237 2153 270 2195 se
295 2132 457 2214 jurabunt,
482 2132 570 2213 quod
596 2132 654 2213 ipsi
679 2132 709 2192 in
736 2130 877 2211 quodam
902 2130 987 2193 furtu
1012 2132 1075 2193 sint
1099 2133 1296 2194 innocentes.

346 2238 422 2299 Item
458 2237 641 2299 Anthonius
674 2236 713 2298 de
746 2236 906 2320 Cr'alyuch
937 2251 1045 2298 contra
1071 2238 1271 2320 Mychaelem
1304 2237 1498 2298 duodecimo

238 2365 270 2407 sc
297 2344 482 2407 hominibus
499 2358 613 2406 octavo
638 2343 690 2405 die
714 2363 808 2426 super
832 2363 870 2404 eo
895 2343 1022 2424 jurabit,
1047 2345 1134 2425 quod
1153 2345 1219 2427 ipse
1246 2345 1276 2405 in
1301 2343 1499 2425 aquisicione

238 2451 313 2513 dicti
339 2450 514 2533 Mychaelis
536 2451 691 2512 innocens
714 2450 763 2512 sit.

266 2668 361 2742 herla
389 2678 489 2742 sexta
515 2673 669 2761 proxima
698 2679 775 2742 ante
802 2670 926 2741 leston
953 2671 1062 2741 sancti
1091 2667 1231 2741 Emerici
1262 2668 1473 2742 conIessorIs.

745 2840 792 2921 (4.
815 2839 1000 2922 novembris).

345 2982 424 3043 Item
449 2981 611 3044 Johannes
635 2982 733 3043 Pazar
756 2995 865 3043 contra
890 2981 974 3043 Iwan
1004 2982 1141 3062 juratum
1166 2982 1270 3062 primo
1295 2982 1408 3044 citatus
1434 3002 1499 3044 non

240 3088 429 3170 comparuit.

349 3193 427 3254 Item
461 3213 589 3255 causam
622 3193 734 3255 Raden
766 3207 876 3254 contra
909 3193 1092 3254 Emericum
1126 3213 1316 3276 arcuparum
1343 3206 1439 3255 testes
1462 3194 1501 3255 ad

242 3314 391 3361 octavum
416 3300 500 3361 diem
527 3300 566 3361 ad
591 3320 702 3382 pacem
728 3311 926 3381 receperunt.

347 3404 425 3466 Item
443 3406 507 3466 Res
530 3420 641 3467 contra
666 3406 865 3466 Hermanum
890 3405 995 3487 primo
1020 3404 1132 3467 citatus
1157 3426 1220 3466 non
1247 3408 1435 3488 comparuit.

349 3512 426 3573 Item
441 3533 535 3575 causa
561 3513 708 3594 Gregorii
730 3526 840 3574 contra
865 3510 1028 3572 Thomam
1046 3510 1171 3573 labrum
1196 3533 1252 3594 per
1275 3527 1369 3575 testes
1393 3513 1432 3575 ad
1450 3534 1502 3575 oe-

241 3632 351 3681 tavum
376 3618 462 3680 diem
487 3618 526 3680 ad
552 3638 663 3700 pacem
688 3632 735 3680 est
758 3632 894 3700 recepta.

352 3724 429 3786 Item
463 3724 624 3786 Johannes
656 3737 744 3786 sutor
775 3739 883 3785 contra
917 3726 1051 3786 Paulum
1084 3741 1223 3787 sutorem
1255 3725 1359 3806 primo
1391 3727 1504 3788 citatus

243 3850 308 3892 non
333 3831 521 3911 comparuit.

349 3935 427 3998 Item
452 3956 546 3997 causa
573 3935 721 4018 Gregorii
747 3936 826 3999 labri
851 3952 960 3999 contra
990 3939 1171 4002 Iohannem
1196 3939 1362 4022 Praudych
1387 3940 1426 4001 ad
1452 3960 1503 4001 oc·

242 4056 351 4104 tavum
374 4042 460 4103 diem
485 4043 524 4105 ad
549 4063 661 4126 pacem
687 4058 732 4105 est
756 4060 890 4127 recepta.

350 4148 426 4210 Item
461 4149 637 4212 Hanslinus
668 4164 777 4212 contra
810 4152 930 4212 Lucam
963 4153 1124 4215 medicum
1157 4155 1261 4235 primo
1294 4154 1406 4216 citatus
1439 4176 1503 4218 non

244 4255 423 4336 comparuit

352 4360 429 4422 Item
462 4375 649 4444 procurator
682 4361 829 4445 Gregorii
862 4365 1035 4426 sacerdotis
1064 4386 1120 4447 per
1152 4368 1333 4450 Myklinum
1367 4370 1504 4431 condam

245 4465 405 4547 judicem,
438 4468 607 4530 Nicolaum
641 4468 800 4552 Delasych
832 4483 863 4532 et
895 4470 1091 4552 Stephanum
1124 4475 1261 4535 condam
1294 4475 1413 4554 juratos
1445 4477 1505 4537 hoc

246 4573 402 4651 atestabit,
420 4574 507 4654 quod
532 4575 662 4637 domina
681 4573 830 4657 Dika(ua)
848 4576 951 4636 eidem
971 4575 1129 4656 Gregorio
1146 4593 1274 4640 eentum
1292 4595 1322 4640 et
1347 4582 1504 4664 qulnqua-

245 4676 333 4758 ginta
357 4676 427 4740 flor.
452 4678 521 4739 auri
545 4693 575 4741 et
592 4680 719 4742 duobus
743 4680 844 4762 ciphis
867 4696 897 4742 et
913 4701 979 4744 uno
996 4684 1129 4745 culcitro
1155 4685 1252 4765 vulgo
1277 4687 1398 4767 poplun
1419 4688 1505 4750 dicto

247 4781 372 4845 debitor
395 4784 516 4848 existat.
