3472 5234
264 328 327 390 294
669 311 756 367 Anno
780 305 871 385 1389.
895 344 938 353 -
961 325 990 370 2.
1015 312 1128 384 aprilis.

368 521 448 582 Item
473 520 633 602 Georgius
654 535 763 582 contra
788 521 957 583 dominum
977 519 1147 581 Miklinum
1173 534 1287 581 octavo
1312 521 1364 583 die
1389 522 1526 583 literalia

264 627 474 689 instrumenta
498 647 593 709 super
616 627 756 708 quadam
781 627 872 705 silva,
896 645 993 708 quam
1017 626 1077 687 sibi
1096 624 1229 708 Gyanus
1252 627 1323 688 Bon
1349 628 1449 707 dedit,
1473 648 1529 689 ex·

264 733 374 796 hibere
400 733 505 797 debet.

371 840 451 902 Item
475 840 578 901 Borka
604 852 714 900 contra
739 839 940 901 Demetrium
964 851 1078 899 octavo
1102 838 1154 899 die
1183 837 1400 919 respondebit.

370 947 449 1008 Item
473 945 620 1008 Thomas
644 945 860 1028 carpentarius
885 957 994 1005 contra
1023 943 1159 1005 Paulum
1191 942 1388 1006 aurifabrum
1414 959 1529 1007 octavo

266 1052 318 1114 die
343 1052 561 1134 respondebit.
1027 1129 1029 1133 y

371 1158 450 1219 Item
474 1157 658 1218 Anthonius
675 1156 797 1217 Jursich
823 1169 937 1217 octavo
954 1155 1006 1216 die
1030 1174 1125 1236 super
1149 1174 1187 1215 eo
1211 1153 1339 1236 jurabit,
1356 1154 1444 1235 quod
1462 1154 1530 1236 ipse

265 1264 468 1325 aHansIIno
500 1276 639 1345 quatuor
670 1263 739 1325 flor.
771 1263 840 1324 auri
873 1281 937 1323 non
969 1261 1149 1343 recepisset,
1182 1261 1236 1341 qui
1264 1260 1376 1322 floreni
1402 1259 1531 1322 fuerunt

265 1369 394 1432 Bedice.

371 1477 450 1537 Item
474 1475 593 1537 Paulus
609 1488 719 1537 contra
744 1475 876 1537 Luciam
897 1473 1040 1535 secundo
1068 1474 1181 1535 citatus
1205 1493 1270 1534 non
1295 1473 1485 1555 comparuit.

373 1582 452 1644 Item
484 1580 644 1662 Georgius
676 1582 772 1642 Loter
803 1581 835 1641 in
867 1581 972 1664 primo
1007 1579 1128 1661 judicio
1165 1592 1274 1640 contra
1300 1577 1426 1661 Gracyn
1466 1598 1532 1641 non

267 1688 457 1771 comparuit.

371 1795 449 1856 Item
474 1794 592 1855 Paulus
617 1794 726 1876 Kypar
758 1794 867 1854 contra
892 1793 1063 1854 Nicolaum
1095 1806 1209 1852 octavo
1233 1791 1285 1852 die
1309 1792 1530 1874 respondebit.

374 1900 452 1962 Item
477 1900 594 1960 Paulus
619 1901 729 1981 Kypar
760 1912 869 1960 contra
895 1897 1124 1960 Stachunarich
1158 1898 1300 1958 secundo
1325 1898 1438 1959 citatus
1462 1917 1528 1960 non

269 2007 459 2088 comparuit.

377 2111 455 2173 Item
489 2110 649 2193 Georgius
673 2109 836 2172 Truchich
870 2123 979 2172 contra
1012 2109 1165 2192 Gyurgek
1194 2110 1299 2192 primo
1328 2111 1440 2171 citatus
1467 2128 1533 2171 non

268 2218 458 2301 comparuit.

374 2324 452 2386 Item
477 2324 630 2385 Nicolaus
654 2322 847 2405 lucifigulus‚
880 2323 1072 2385 Benedictus
1104 2337 1214 2384 contra
1238 2321 1531 2405 Matheykoucham

268 2449 334 2492 non
359 2443 619 2511 comparuerunt.

375 2535 454 2597 Item
477 2536 631 2598 Nicolaus
655 2535 786 2618 Lipulth
811 2549 919 2596 contra
948 2534 1101 2617 Gyurgek
1125 2547 1239 2596 ottavo
1266 2534 1319 2595 die
1336 2553 1431 2616 super
1456 2552 1534 2614 qua·

269 2642 376 2704 dam.
401 2688 409 2704 .
435 2689 442 2704 .
467 2656 561 2704 testes
584 2642 761 2723 producere
786 2641 890 2704 debet.

375 2748 454 2810 Item
478 2749 605 2810 Blasich
630 2748 706 2810 feria
731 2749 827 2809 tercia
855 2748 999 2829 proxIme
1023 2761 1156 2808 ventura
1181 2745 1268 2807 solus
1306 2766 1400 2828 super
1424 2766 1463 2807 eo
1486 2745 1535 2827 ju·

270 2855 362 2933 rabit,
387 2867 421 2916 ut
445 2855 511 2937 ipse
536 2854 645 2917 fuisset
662 2874 733 2916 cum
760 2855 911 2915 Herkone
930 2855 961 2915 in
980 2853 1136 2931 Madame,
1162 2852 1271 2933 ibique
1299 2852 1378 2934 (per)
1405 2851 1533 2933 culpam

271 2961 400 3022 Martini
424 2961 518 3044 Piper
542 2964 742 3043 septuagInta
772 2975 894 3042 septem
919 2961 1024 3022 literas
1049 3006 1056 3021 .
1082 3006 1089 3022 .
1115 3009 1122 3022 .

376 3066 455 3127 Item
480 3065 640 3147 Georgius
672 3068 887 3147 carpentanus
920 3080 1027 3128 contra
1054 3066 1248 3147 Gregorium
1273 3065 1406 3126 voschar
1430 3064 1535 3146 primo

271 3171 384 3233 citatus
408 3191 472 3232 non
498 3172 686 3253 comparuit.

377 3277 454 3339 Item
479 3279 566 3358 quod
593 3278 667 3359 quia
686 3278 783 3339 Lucia
801 3279 918 3340 mulier
942 3294 1051 3339 contra
1069 3279 1241 3340 Lucasium
1256 3278 1418 3340 medicum
1436 3279 1536 3359 (actor

272 3384 420 3467 existens)
444 3385 483 3445 ad
508 3384 666 3465 justiciam
692 3404 756 3445 non
780 3385 878 3464 venit,
896 3385 968 3447 ideo
987 3386 1090 3467 ipsam
1115 3405 1243 3447 causam
1267 3405 1357 3446 suam
1382 3384 1533 3467 perdidit.

447 3600 544 3674 Feria
572 3613 669 3674 sexta
697 3608 851 3692 proxima
883 3615 960 3677 ante
989 3606 1188 3676 domiuicam
1215 3606 1346 3695 Judica.

802 3760 844 3835 (2.
875 3759 1000 3834 aprilis).

378 3898 456 3959 Item
481 3917 574 3959 causa
599 3899 663 3958 Res
687 3913 796 3960 contra
821 3900 963 3961 relictam
991 3900 1114 3983 Paulyn
1137 3900 1176 3960 ad
1202 3913 1352 3960 octavum
1378 3900 1463 3961 diem
1489 3912 1536 3961 est

272 4018 454 4087 prorogata.

378 4110 457 4172 Item
483 4109 650 4193 Gyaninus
674 4111 794 4192 juratus
818 4126 927 4175 contra
947 4111 1031 4175 Iwan
1057 4126 1170 4174 octavo
1197 4113 1248 4173 die
1274 4113 1490 4194 respondebit.

380 4217 458 4278 Item
482 4217 661 4299 Stephanus
679 4217 836 4300 Chaplich
858 4232 966 4280 contra
984 4219 1151 4281 Matenum
1167 4232 1323 4281 textorem
1349 4233 1443 4280 testes
1461 4238 1534 4300 pro-

274 4324 389 4385 ducere
414 4322 518 4402 debet,
541 4325 706 4386 videlicet:
732 4325 876 4386 Marcum
901 4325 1032 4408 boynik,
1065 4324 1301 4401 Chuetkonem‚
1328 4325 1533 4405 Gregorium.

379 4429 458 4491 Item
482 4429 569 4491 idem
587 4431 696 4492 Mareu
715 4443 823 4492 contra
848 4431 987 4492 eundem
1007 4431 1204 4513 Stephanum
1234 4432 1348 4492 eodem
1374 4431 1424 4492 die
1442 4444 1536 4492 testes

275 4553 350 4595 suos
366 4535 532 4616 producet,
550 4537 674 4619 primo:
692 4536 838 4614 EIenam,
864 4536 1041 4615 EIizabeth‚
1060 4537 1183 4598 Budam
1202 4551 1232 4598 et
1249 4542 1376 4599 Annam
1396 4537 1535 4600 Scudan.

380 4640 459 4703 Item
482 4662 575 4704 causa
601 4642 714 4725 Kyrini
739 4656 848 4704 contra
865 4642 995 4725 Mathey
1013 4643 1156 4725 Zwysich
1178 4663 1279 4725 usque
1304 4656 1377 4705 octo
1402 4642 1470 4705 dies
1495 4642 1535 4705 ad

274 4764 387 4829 pacem
413 4762 459 4809 est
483 4761 618 4830 recepta.
