3472 5234
240 332 301 412 35⁶

340 540 417 602 Item
443 560 536 602 causa
560 538 663 620 Cigan
689 537 845 600 carnificis
868 552 899 600 et
920 537 1075 599 Johannis
1099 550 1129 598 et
1155 537 1252 598 Marci
1278 534 1429 598 aurifabri
1449 549 1497 599 est

233 646 274 708 ad
299 666 411 729 pacem
436 659 574 728 recepta.

340 753 416 815 Item
442 771 536 813 causa
562 751 683 813 Leueni
709 751 748 812 de
781 752 872 812 Nova
905 750 981 811 villa
1005 763 1035 811 et
1067 749 1199 810 domine
1225 749 1425 830 Margarethe
1449 750 1498 811 in·

233 860 360 922 stitricis
383 871 430 920 est
453 858 492 919 ad
518 877 630 940 pacem
654 871 779 939 recepta
802 856 843 919 ad
867 856 1006 939 primum
1032 855 1199 937 judicium.

340 966 418 1027 Item
444 963 580 1025 lancech
605 961 765 1024 aurifaber
781 976 891 1025 contra
909 961 1110 1045 Mychaelem
1128 961 1369 1023 stachunarium
1391 961 1497 1041 primo

233 1072 347 1134 citatus
370 1091 435 1132 non
461 1070 652 1153 comparuit.

341 1177 417 1240 ltem
444 1176 626 1239 Anthonius
651 1175 775 1236 Jursich
800 1188 909 1237 contra
927 1175 1094 1237 Marenum
1120 1175 1152 1235 in
1176 1175 1281 1257 primo
1305 1173 1426 1256 judicio
1450 1194 1498 1235 re·

233 1283 415 1366 spondebit.

340 1391 417 1453 ltem
441 1382 536 1451 causa
561 1389 645 1450 Petri
670 1386 782 1449 famuli
801 1387 924 1449 Odolas
948 1401 979 1449 et
1003 1386 1122 1469 Philipi
1148 1387 1276 1448 sartoris
1300 1399 1346 1448 est
1370 1399 1497 1469 recepta

234 1496 274 1557 ad
301 1515 413 1579 pacem
438 1495 478 1556 ad
502 1495 642 1577 primum
667 1493 835 1575 judicium.

340 1618 418 1680 ltem
444 1618 658 1680 communitas
682 1617 770 1678 dedit
791 1618 926 1680 domum
955 1617 1078 1679 Nicolai
1113 1615 1279 1677 familiaris
1302 1615 1495 1698 suffraganei

236 1744 294 1807 pro
320 1723 429 1786 debito
453 1724 554 1786 teneri
580 1722 723 1804 Georgio
748 1723 857 1805 nepoti
882 1721 1071 1803 suffraganei
1102 1722 1157 1783 tali
1183 1723 1293 1802 modo,
1318 1723 1404 1803 quod
1430 1723 1496 1804 ipse

237 1829 398 1912 Georgius
423 1828 542 1891 fructus
566 1829 710 1891 eiusdem
735 1829 823 1890 domi
848 1829 1011 1921 percipere
1043 1829 1158 1891 debeat
1182 1848 1284 1910 usque
1308 1830 1375 1911 ipse
1399 1829 1495 1890 Nico·

236 1937 306 1999 laus
329 1938 369 1998 ab
397 1937 466 2019 ipso
492 1934 634 2016 Georgio
657 1935 815 1997 redimere
837 1935 963 2017 poterit.

341 2061 418 2121 ltem
442 2079 536 2122 causa
560 2058 715 2120 Anthonii
733 2057 884 2121 aurifabri
909 2072 940 2121 et
956 2059 1077 2121 Vrbani
1103 2072 1149 2141 est
1173 2075 1298 2142 recepta
1323 2060 1363 2122 ad
1381 2080 1495 2142 pacem

235 2166 275 2227 ad
300 2166 439 2249 primum
466 2164 632 2246 judicium.

343 2271 421 2334 ltem
446 2271 606 2353 Georgius
629 2270 713 2333 filius
737 2271 822 2333 lwan
855 2272 983 2334 restabit
1013 2291 1086 2333 cum
1119 2271 1240 2333 Mathia
1264 2271 1433 2333 Rosnilrou
1467 2285 1498 2333 et

235 2397 309 2440 cum
334 2378 418 2439 lwan
445 2378 544 2439 Bolelr
569 2397 731 2460 supereo,
752 2379 840 2459 quod
859 2377 1035 2459 Gregorius
1059 2377 1189 2461 jobagio
1213 2378 1372 2439 Francisci
1391 2377 1496 2459 ipsum

236 2483 430 2566 Gregorium
454 2486 662 2547 verberasset.

342 2591 420 2652 ltem
434 2590 599 2652 Franchek
624 2588 708 2652 filius
732 2591 816 2652 lwan
834 2590 930 2652 debet
957 2591 1061 2673 jurare
1085 2604 1173 2653 sexto
1197 2611 1230 2652 se
1255 2592 1286 2652 in
1311 2591 1416 2673 primo
1448 2589 1496 2672 ju·

235 2697 323 2759 dicio
347 2697 403 2759 tali
427 2696 537 2775 modo,
562 2697 651 2778 quod
676 2716 748 2759 cum
777 2697 859 2758 scitu
889 2716 948 2759 suo
981 2696 1045 2759 filia
1069 2717 1126 2758 sua
1150 2717 1215 2759 non
1248 2696 1397 2778 jacuisset
1420 2716 1494 2758 cum

235 2802 414 2865 Thomasio
439 2803 641 2885 calcaripare.

340 2927 418 2989 ltem
436 2947 492 3009 per
515 2927 636 3009 judices
660 2942 706 2989 est
737 2927 956 3008 adjudicatum
981 2926 1069 3008 quod
1094 2927 1218 3008 Agatha
1240 2927 1305 2989 filia
1330 2928 1495 2990 Franchek

134 3064 137 3070 ·
237 3035 421 3115 ubicunque
446 3034 547 3116 ipsam
570 3048 699 3115 possent
721 3034 859 3116 reperire
884 3034 915 3094 in
932 3034 1093 3095 territorio
1119 3034 1255 3096 civitatis
1279 3035 1318 3096 de
1336 3036 1403 3117 ipsa
1426 3035 1496 3095 vin·

236 3140 318 3201 dicta
343 3153 543 3221 sumpmatur
567 3139 655 3201 sicud
681 3140 719 3199 de
744 3140 799 3201 tali
824 3140 1073 3221 maledictaque
1097 3140 1339 3202 matrimonium
1365 3139 1492 3222 frangit.

341 3246 419 3307 ltem
443 3264 536 3306 causa
562 3244 715 3305 Anthonii
733 3244 826 3324 jurati
849 3258 879 3306 et
903 3244 1057 3307 lobannis
1081 3245 1137 3307 filii
1156 3246 1273 3308 Donati
1299 3261 1345 3308 est
1368 3261 1494 3328 recepta

236 3352 276 3412 ad
302 3371 413 3433 pacem
439 3351 478 3411 ad
504 3351 642 3433 primum
668 3349 833 3429 judicium.

270 3490 271 3493 ’
341 3475 419 3536 ltem
444 3494 537 3535 causa
561 3473 722 3534 Valentini
748 3473 804 3535 filii
831 3474 1005 3536 Wlkouich
1031 3490 1062 3537 et
1087 3475 1259 3558 Matheylro
1284 3474 1440 3537 carnificis
1464 3491 1495 3538 et

238 3582 366 3644 Martini
400 3581 528 3642 sartoris
563 3593 593 3640 et
630 3580 714 3640 Kusa
752 3580 857 3642 taliter
895 3594 941 3642 est
973 3581 1128 3661 judicata,
1172 3601 1270 3663 quare
1304 3583 1494 3645 Valentinus

238 3709 310 3750 cum
336 3687 429 3748 bonis
454 3686 631 3747 literalibus
663 3686 881 3748 instrumentis
915 3702 945 3749 et
969 3689 1069 3748 eciam
1103 3706 1174 3748 cum
1208 3701 1399 3750 testamento
1423 3708 1495 3771 pro·

236 3795 333 3873 bavit,
357 3794 431 3854 ideo
456 3790 576 3873 judices
601 3791 865 3872 adjudicaverunt
888 3794 994 3855 eidem
1017 3793 1199 3856 Valentino.

938 4029 950 4056 t

344 4147 419 4206 ltem
446 4166 538 4208 causa
564 4147 718 4208 iohannis
735 4146 791 4209 filii
810 4148 920 4209 Jacobi
945 4163 1054 4209 contra
1071 4149 1241 4210 Nicolaum
1262 4151 1496 4232 carpentarium

236 4251 276 4313 ad
301 4265 448 4313 octavum
474 4252 559 4314 diem
585 4253 624 4313 ad
649 4273 760 4335 pacem
786 4266 831 4314 est
857 4267 992 4335 recepta.

344 4358 420 4418 ltem
437 4357 612 4439 Gregorius
625 4373 726 4420 sartor
739 4372 852 4420 octavo
866 4359 918 4420 die
935 4374 1044 4421 contra
1061 4361 1260 4443 Lipouschak
1279 4361 1496 4443 respondebit.

343 4462 421 4525 ltem
452 4464 540 4546 quod
573 4465 647 4546 quia
681 4464 791 4525 Petrus
823 4465 949 4527 villicus
987 4466 1026 4526 de
1063 4467 1133 4528 vico
1165 4468 1354 4529 Latinorum
1387 4482 1497 4530 contra

238 4568 367 4630 Petrum
391 4570 553 4632 medicum
569 4571 599 4631 in
625 4570 745 4651 judicio
766 4590 830 4632 non
856 4573 1045 4654 comparuit,
1070 4573 1143 4634 ideo
1160 4593 1288 4635 causam
1312 4594 1403 4636 suam
1426 4594 1497 4656 per·

238 4673 329 4754 didit,
354 4689 385 4738 et
409 4676 561 4738 Nicolaus
585 4676 670 4738 filius
694 4676 817 4739 Odolas
845 4677 937 4759 judex
964 4678 1003 4761 de
1035 4698 1091 4741 sua
1117 4678 1322 4742 fideiussione
1346 4694 1393 4742 est
1416 4680 1496 4742 libe-

237 4792 324 4842 ratus
347 4794 379 4844 et
401 4783 578 4866 expeditus.
