3472 5234
554 317 753 397 Ann01376.
779 354 820 363 —
844 335 892 380 12.
916 320 1086 394 septembris.
1418 318 1457 400 63

303 530 382 591 Item
407 529 563 592 Martinus
588 530 804 612 carpentanus
828 543 937 591 contra
962 527 1164 611 Mychaelem
1183 528 1340 610 Damyani
1354 529 1459 610 primo

197 636 311 699 citatus
335 655 400 698 non
424 635 603 718 comparuit

303 759 379 821 Item
405 759 556 841 magister
580 758 724 820 Francba
748 758 908 821 aurifaber
938 771 969 820 et
992 758 1145 842 Gyurgek
1168 759 1380 821 commissarii
1405 761 1458 822 Jo-

198 864 312 927 hannis
335 863 393 927 filii
415 864 581 927 Benedicti
614 864 777 946 Stephano
809 863 877 927 filio
901 863 1021 926 Rodini
1053 864 1086 926 in
1118 863 1290 946 quindenis
1314 864 1459 946 quinque

197 970 266 1033 flor.
291 983 322 1033 et
345 970 473 1052 triginta
498 970 647 1032 denarIos
672 990 729 1053 pro
753 970 896 1052 quodam
920 969 983 1031 cilo
1008 970 1171 1032 exsolvere
1203 969 1331 1034 debent.

303 1092 382 1156 Item
407 1094 545 1155 Jacobus
569 1093 649 1156 Bole
680 1108 790 1155 contra
814 1093 1025 1156 BenedIctum
1058 1091 1237 1155 carnificem
1270 1107 1384 1156 octavo
1408 1094 1460 1156 die

201 1219 258 1284 per
282 1200 480 1282 Stephanum
509 1199 680 1281 lapicidam
712 1213 742 1261 et
773 1200 952 1262 JansIInum
984 1199 1132 1261 atestabit
1155 1199 1242 1280 quod
1275 1200 1381 1282 ipsum
1403 1219 1460 1283 per

200 1305 302 1367 crines
324 1306 478 1369 traxisset.

303 1411 382 1474 Item
406 1411 557 1493 magister
580 1410 699 1472 Paulus
731 1422 840 1472 contra
865 1410 1013 1473 Markum
1038 1411 1151 1473 Putani
1176 1424 1291 1474 octavo
1315 1411 1367 1473 die
1391 1411 1460 1493 jura

199 1517 343 1579 ostendet
367 1537 461 1600 super
485 1517 625 1599 quadam
650 1518 753 1597 vinea,
777 1518 803 1579 si
828 1536 891 1599 qua
915 1515 1072 1580 habuerit.

303 1640 381 1703 Item
406 1642 483 1703 Iuan
507 1653 538 1703 et
562 1639 738 1723 Gregorius
762 1653 872 1702 contra
896 1640 1067 1704 Nicolaum
1092 1639 1199 1703 rulum
1223 1642 1327 1724 primo
1347 1643 1460 1705 citatus

199 1765 264 1809 non
288 1749 476 1829 comparuit.

302 1853 380 1915 Item
405 1852 537 1916 domina
554 1853 678 1935 Regina
702 1867 811 1915 contra
829 1852 1007 1934 Georgium
1031 1867 1185 1916 sartorem
1210 1868 1241 1916 et
1265 1853 1459 1935 Gregorium

202 1956 279 2020 feria
302 1959 400 2021 tercIa
426 1960 570 2041 proxime
594 1978 679 2021 nunc
703 1972 836 2021 ventura
859 1959 1037 2021 secundum
1072 1960 1219 2022 libellum
1243 1961 1460 2042 respondebit,

200 2067 288 2147 quod
314 2079 360 2127 est
383 2078 469 2128 extra
492 2077 721 2128 testamentum
745 2065 875 2127 domine
905 2065 1078 2128 Katherine
1102 2067 1220 2128 sororis
1242 2086 1309 2129 sue.

307 2170 385 2234 Item
421 2171 581 2254 Georgius
618 2171 790 2253 calcaripar
825 2184 934 2233 contra
966 2171 1101 2234 luchech
1136 2173 1369 2255 carpentarium
1408 2193 1460 2236 oc-

198 2290 272 2340 tavo
303 2277 355 2340 dle
386 2278 533 2340 atestabit
564 2298 620 2360 per
652 2277 816 2338 Korosech
846 2292 876 2339 et
908 2297 1039 2339 uxorem
1072 2278 1202 2361 Mathey
1234 2279 1323 2361 quod
1355 2280 1457 2362 ipsum

199 2383 434 2465 vituperaverit.

304 2489 383 2551 Item
407 2488 565 2571 Georgius
595 2509 693 2571 gener
723 2490 826 2551 Pouse
858 2503 967 2553 contra
992 2488 1194 2556 Anthonium
1219 2491 1331 2574 Renyz
1355 2492 1461 2574 primo

200 2595 314 2658 citatus
337 2615 402 2657 non
427 2595 616 2678 comparuit.

305 2718 383 2780 Item
407 2718 562 2781 Salomon
587 2733 696 2782 contra
721 2717 924 2781 Clementem
948 2733 1061 2782 octavo
1086 2720 1138 2782 die
1163 2720 1379 2802 respondebit.

306 2826 383 2887 Item
409 2826 580 2907 assumpsit
609 2825 745 2886 Mathias
777 2825 1002 2907 stipendiarIus
1034 2840 1064 2887 et
1087 2846 1119 2887 se
1151 2825 1283 2887 firmiter
1307 2826 1463 2908 obligavit

201 2950 239 2995 eo
262 2931 374 3010 modo,
397 2931 486 3013 quod
510 2931 782 3013 quandocumque
807 2932 972 2993 Emericus
996 2930 1162 2993 familiaris
1188 2930 1311 2993 domiui
1337 2933 1462 2994 Nicolai

203 3037 240 3100 de
256 3037 360 3099 Zeech
384 3037 524 3119 primum
548 3037 581 3099 in
599 3038 788 3118 Zagrabiam
813 3037 937 3098 venerit
953 3050 984 3098 et
1007 3038 1195 3118 magistrum
1213 3036 1356 3099 Fraucha
1381 3038 1463 3099 auri·

203 3140 326 3205 labrum
351 3143 479 3205 racione
496 3143 662 3205 cuiusdam
679 3143 754 3223 equi
772 3143 952 3225 impeteret,
970 3143 1119 3225 expedire
1135 3143 1274 3226 propriis
1298 3144 1462 3205 laboribus

204 3261 233 3311 et
262 3250 418 3332 expensis.

305 3372 384 3434 Item
415 3372 567 3433 Nitolaus
598 3372 789 3434 castellanus
825 3385 935 3434 contra
965 3371 1107 3434 relictam
1134 3372 1313 3434 Sabastiani
1346 3385 1460 3435 octavo

202 3478 253 3540 die
277 3478 494 3560 respondebit.

306 3602 384 3663 Item
409 3599 585 3681 Gregorius
609 3616 640 3663 et
663 3601 815 3663 Nicolaus
839 3616 948 3664 contra
976 3603 1162 3684 magistrum
1188 3602 1324 3665 Paulum
1349 3617 1463 3666 octavo

202 3706 253 3768 die
277 3707 527 3789 respondebunt.

306 3814 385 3876 Item
409 3813 535 3896 Cupich
559 3827 670 3876 contra
695 3813 847 3896 Gyurgek
877 3815 1105 3898 calcariparum
1128 3816 1235 3898 prImo
1260 3815 1373 3878 citatus
1397 3836 1464 3879 non

203 3919 392 4002 comparuit.

308 4025 386 4087 Item
411 4038 626 4088 atestaverunt
650 4027 801 4088 Marenus
825 4038 856 4088 et
884 4026 1046 4088 Iohannes
1069 4026 1170 4088 Vosas
1194 4045 1253 4087 nec
1278 4046 1344 4087 non
1369 4025 1465 4107 judex

202 4132 412 4212 personaliter
426 4131 570 4210 astand0,
594 4132 682 4213 quod
701 4134 816 4215 Mykus
840 4132 980 4194 concivis
996 4145 1103 4193 noster
1128 4131 1160 4193 in
1181 4150 1316 4214 persona
1340 4131 1464 4194 domIni

201 4237 250 4297 sui
275 4237 504 4319 archiepiscopi
529 4238 750 4319 strigoniensis
774 4238 908 4300 ecclesie
942 4238 1119 4320 Georgium
1143 4250 1298 4299 sartorem
1323 4253 1353 4299 et
1385 4237 1464 4300 Gre-

201 4343 329 4424 gorium
354 4357 575 4425 procuratores
597 4344 812 4405 constituisset
832 4344 871 4405 ad
896 4344 1005 4405 omnia
1030 4357 1060 4405 et
1076 4343 1224 4405 universa
1249 4344 1333 4405 bona
1357 4344 1463 4425 requi-

204 4448 301 4510 renda
327 4449 454 4510 Martini
480 4449 598 4511 Katiuo
623 4450 737 4512 vocati.

309 4571 388 4633 Item
413 4572 586 4654 Stephania
610 4573 726 4635 mulier
750 4586 859 4634 contra
884 4572 1054 4634 Nicolaum
1079 4572 1313 4655 carpentarium
1337 4573 1369 4633 in
1393 4591 1464 4654 pre·

204 4678 302 4740 misso
326 4692 517 4741 testamento
543 4678 669 4758 defecit,
693 4699 770 4761 ergo
794 4698 922 4741 causam
947 4678 1098 4760 perdidit.
