3472 5234
626 344 714 401 Anno
736 352 823 417 1377.
849 375 888 383 —-
913 355 964 402 20.
989 344 1101 401 martii.

255 595 410 671 2Feria
438 605 537 668 sexta
565 599 720 685 proxima
758 603 835 668 ante
869 596 1069 668 dominicam
1106 594 1421 684 Ramispalmarom.
1457 591 1460 597 ’

762 750 826 826 (20.
850 751 972 824 martti).

342 891 451 953 Primo
474 888 627 971 magister
643 888 762 950 Paulus
785 889 933 950 Markum
950 888 1064 950 Putani
1095 901 1125 950 et
1148 907 1243 950 suum
1267 886 1501 949 mercenarium

235 1017 253 1058 a
277 996 422 1079 predicto
445 995 626 1077 juramento
651 993 773 1055 dimisit
795 1008 925 1076 propter
949 996 1070 1056 bonum
1096 994 1192 1075 pacis.

340 1101 419 1163 Item
443 1120 538 1163 causa
561 1100 739 1162 Clementis
763 1097 913 1161 Zirothke
938 1113 968 1161 et
992 1100 1118 1162 Nicolai
1142 1099 1199 1162 filii
1224 1099 1350 1162 Crisani
1376 1113 1422 1162 eat
1444 1119 1502 1182 pet

235 1206 436 1290 Mychaelem
469 1206 628 1290 Damyani
660 1219 691 1268 et
723 1205 851 1268 Petrum
885 1205 1077 1288 Hungarum
1105 1205 1145 1267 ad
1178 1206 1318 1289 primum
1342 1205 1499 1287 judicium

234 1327 306 1396 post
329 1313 449 1375 Pascha
472 1325 599 1395 recepta
622 1311 663 1374 ad
686 1331 809 1394 pacem.

342 1420 420 1481 item
444 1419 597 1481 Nicolaus
621 1431 730 1480 contra
757 1417 843 1478 Iwan
867 1418 972 1499 primo
997 1418 1110 1481 citatus
1129 1438 1195 1480 non
1220 1418 1412 1501 comparuit.

343 1525 421 1586 ltem
445 1525 565 1586 Cosrna
582 1521 743 1585 aurifaber
766 1536 875 1585 contra
893 1524 1035 1585 Brumen
1058 1524 1163 1606 primo
1188 1525 1301 1587 citatus
1324 1544 1389 1586 non
1414 1543 1501 1586 com-

235 1630 351 1712 paruit.
1407 1701 1412 1706 ,

339 1737 417 1797 item
443 1737 553 1797 relicta
576 1737 690 1798 Bozou
707 1747 817 1797 contra
833 1735 1035 1796 Anthonium
1059 1736 1161 1797 Reniz
1184 1734 1290 1818 primo
1314 1735 1409 1797 citata
1433 1755 1499 1797 non

237 1842 425 1922 comparuit.

342 1946 417 2007 Item
444 1946 606 2008 Johannes
639 1960 748 2009 contra
775 1947 967 2029 Gregorium
1001 1948 1105 2028 primo
1130 1947 1250 2028 judicio
1282 1946 1499 2029 respondebit.

341 2052 419 2114 Item
444 2053 528 2113 lvvan
553 2066 780 2114 testamentum
801 2053 919 2114 sororis
935 2073 991 2115 sue
1015 2053 1120 2134 primo
1137 2052 1257 2134 judicio
1281 2063 1354 2134 post
1378 2051 1498 2113 Pascha

234 2172 416 2240 presentare
442 2159 580 2221 debebit.

341 2264 417 2326 item
444 2264 553 2326 relicta
569 2264 647 2326 Wlk
665 2265 932 2326 molendinatoris
953 2264 1095 2345 Georgio
1112 2264 1144 2325 in
1162 2263 1334 2345 quindenis
1351 2263 1496 2344 quinque

236 2383 267 2432 et
298 2371 441 2431 medium
476 2369 629 2431 eubulum
664 2370 746 2431 milii
782 2370 952 2451 persolvet,
987 2383 1082 2451 prout
1121 2369 1307 2432 testimonio
1344 2369 1500 2450 premisso

237 2477 393 2538 atestavit.

341 2582 419 2643 item
444 2601 538 2643 causa
564 2582 713 2663 Dragone
738 2594 768 2643 et
785 2580 937 2664 Stephani
962 2579 1116 2642 sallivcne
1140 2594 1186 2642 est
1209 2601 1266 2662 pet
1289 2580 1429 2662 judicem
1455 2579 1500 2642 ad

235 2688 376 2769 primum
393 2688 547 2768 judicium
572 2702 743 2770 prorogata
767 2707 823 2769 per
843 2685 1020 2747 Radicham
1045 2699 1076 2748 et
1099 2687 1262 2747 Andream
1286 2684 1497 2748 testificanda.

339 2812 415 2873 item
436 2809 641 2893 Marchich(a)
665 2823 773 2872 contra
793 2810 949 2870 Jahouam
973 2809 1077 2889 primo
1099 2808 1191 2871 citata
1216 2828 1280 2869 non
1305 2808 1495 2890 comparuit.

339 2917 418 2978 item
442 2936 535 2977 causa
568 2916 666 2976 blasii
697 2914 871 2976 sacerdotis
902 2928 932 2974 et
957 2913 1082 2975 Nicolai
1114 2926 1160 2976 est
1183 2933 1240 2995 per
1265 2914 1433 2976 Marenum
1466 2927 1498 2977 et

235 3021 406 3082 Nicolaum
432 3021 641 3082 castellanum
666 3020 705 3080 ad
730 3020 870 3102 primum
891 3018 1046 3098 judicium
1071 3032 1197 3101 recepta
1221 3019 1261 3080 ad
1287 3039 1409 3101 pacem.

341 3145 418 3205 ltem
445 3163 538 3204 causa
563 3143 713 3204 Peterlini
744 3156 775 3204 et
804 3142 952 3204 chuetht
978 3156 1024 3204 est
1055 3162 1110 3224 per
1135 3142 1315 3205 Johannem
1345 3158 1376 3205 et
1400 3145 1495 3205 Eme-

235 3249 335 3309 ricum
360 3267 549 3328 aucupatum
574 3248 614 3308 ad
638 3251 778 3329 primum
803 3246 959 3326 judicium
989 3261 1114 3329 recepta
1138 3249 1177 3309 ad
1202 3268 1325 3329 pacem.

341 3351 418 3413 ltem
444 3353 571 3413 lwanlta
596 3353 712 3413 mulier
736 3352 899 3434 Stephano
923 3353 955 3413 in
980 3353 1151 3433 quindenis
1179 3367 1241 3415 tres
1264 3373 1385 3415 marcas
1409 3375 1497 3416 sexa-

234 3458 321 3537 ginta
347 3471 377 3519 et
402 3458 545 3538 quinque
570 3458 719 3519 denarios
743 3458 906 3519 exsolvere
930 3458 1036 3520 debet.

339 3564 416 3624 item
441 3565 629 3625 mercenarii
654 3565 791 3625 Emerici
816 3565 977 3646 atcuparis
993 3565 1129 3646 quilibet
1153 3565 1296 3645 ipsorum
1320 3566 1408 3627 meth
1433 3580 1495 3628 tet·

234 3669 300 3728 cius
325 3683 354 3729 et
378 3669 591 3729 mercenarius
616 3670 769 3730 iohannis
793 3667 873 3731 labri
899 3683 1007 3731 contra
1032 3670 1195 3751 quandam
1220 3670 1390 3732 mulierem
1415 3670 1495 3733 deria

233 3787 316 3833 sexta
343 3775 486 3854 proxima
512 3789 583 3856 post
606 3790 734 3837 octavas
759 3777 855 3837 Pasce
883 3775 1006 3836 domini
1032 3776 1135 3855 jurare
1160 3776 1333 3839 debebunt.

338 3878 414 3939 Item
441 3899 534 3940 causa
559 3880 674 3940 Jaltlini
700 3894 730 3942 et
753 3880 859 3941 Mathe
876 3880 1090 3960 gladiatorum
1115 3882 1224 3941 estad
1249 3882 1390 3962 primum
1414 3880 1497 3962 judi-

233 3982 317 4044 cium
342 4000 512 4064 prorogata
535 3987 594 4047 sub
618 4006 699 4067 pena
725 3987 869 4068 quinque
893 4005 1083 4048 marcarum.
1541 4002 1555 4040 t

341 4088 417 4149 Item
443 4091 592 4171 magister
616 4092 734 4152 Paulus
762 4106 870 4152 contra
889 4092 978 4153 Mark
1002 4091 1149 4152 atestabit
1173 4092 1277 4171 primo
1301 4090 1421 4169 judicio
1439 4111 1497 4174 per

235 4193 412 4275 Georgium
436 4212 590 4258 sartorem
614 4197 763 4277 juratum,
792 4197 961 4257 Nicolaum
993 4195 1202 4257 castellanum
1226 4209 1257 4257 et
1281 4195 1492 4278 Stephanum,

234 4299 321 4378 quod
347 4300 449 4381 ipsum
474 4302 533 4362 sub
557 4322 639 4383 pena
664 4303 752 4363 XXV
777 4321 955 4362 marcarum
980 4301 1216 4381 vituperaverit.

338 4421 415 4484 item
448 4424 638 4486 secundario
669 4426 816 4486 atestabit
847 4444 902 4506 per
926 4422 1097 4485 Nicolaum
1121 4437 1151 4485 et
1175 4424 1373 4501 Johannem‚
1405 4423 1494 4505 quod

234 4524 319 4586 idem
344 4529 434 4589 Mark
459 4529 544 4590 lwan
568 4530 755 4607 ordinasset,
780 4529 868 4611 quod
893 4529 998 4610 ipsum
1022 4527 1223 4592 interficeret.

337 4632 416 4694 Item
447 4653 539 4694 causa
579 4634 720 4715 magistri
753 4634 844 4696 Pauli
879 4648 909 4696 et
942 4633 1113 4714 Dragozlai
1145 4649 1190 4697 est
1221 4655 1277 4718 per
1310 4655 1423 4698 voscar
1454 4637 1495 4699 ad

232 4735 372 4814 primum
396 4736 552 4818 judicium
577 4752 702 4820 recepta
727 4739 767 4800 ad
791 4759 914 4822 pacem.
