3472 5234
303 353 368 436 278
688 353 774 410 Anno
794 348 885 426 1387.
910 384 953 393 -
975 363 1026 425 25.
1050 353 1178 411 octobris.

410 566 488 628 ltem
512 563 693 647 (Marti)nus
725 577 813 625 sutor
845 575 955 624 contra
980 561 1225 643 Suffragaueum
1249 576 1364 624 octavo
1389 561 1441 624 die
1465 563 1574 625 literas

306 692 379 734 suas
403 671 552 733 exhibere
577 670 682 734 debet.

406 778 483 838 ltem
501 778 582 838 inter
605 776 776 837 Lucasium
793 774 1001 857 freniparium
1019 788 1049 836 et
1067 775 1149 836 inter
1171 774 1356 836 Emericum
1375 794 1566 858 arcuparum

302 904 385 967 pena
410 883 522 964 viginti
547 901 726 944 marcarum
751 895 797 942 est
821 881 934 964 posita.

408 990 485 1051 ltem
510 1008 603 1051 causa
628 988 783 1050 iohannis
816 987 935 1048 nobilis
959 1001 989 1048 et
1020 987 1150 1048 alterius
1174 986 1329 1048 iohannis
1359 1007 1462 1069 usque
1493 1002 1569 1051 octo

305 1095 374 1157 dies
399 1108 445 1158 est
468 1108 649 1178 prorogata.

410 1201 488 1263 ltem
513 1220 608 1262 causa
633 1199 805 1282 Augustini
830 1211 940 1260 contra
961 1197 1160 1261 Anthonium
1186 1218 1378 1282 arcuparum
1402 1219 1506 1282 usque
1531 1199 1573 1262 ad

303 1321 379 1368 octo
405 1306 473 1369 dies
497 1319 543 1368 est
565 1320 747 1388 prorogata.

409 1413 487 1474 ltem
505 1412 688 1474 Anthonius
705 1412 849 1474 literatus
864 1412 961 1473 simul
977 1431 1050 1473 cum
1064 1409 1200 1473 safarina
1217 1431 1273 1473 sua
1291 1425 1402 1473 contra
1416 1410 1573 1495 Gyurgek

306 1519 448 1581 secundo
473 1519 558 1581 citati
584 1537 649 1580 non
674 1530 933 1599 comparuerunt.

406 1626 484 1686 ltem
510 1625 584 1685 lvan
610 1624 784 1704 Ozmonog
807 1637 918 1684 contra
944 1621 1096 1705 Gyurgek
1121 1623 1226 1704 primo
1251 1625 1365 1686 citatus
1389 1643 1454 1685 non
1482 1644 1571 1686 com·

305 1732 421 1814 paruit.

412 1837 489 1899 ltem
507 1835 691 1897 Anthonius
708 1833 793 1896 filius
810 1836 924 1897 Petren
949 1849 1058 1896 contra
1077 1835 1242 1897 Thomam
1261 1834 1365 1898 filium
1382 1836 1450 1898 lsak
1467 1837 1574 1919 primo

307 1943 420 2005 citatus
444 1961 509 2004 non
537 1942 727 2023 comparuit.

411 2049 489 2110 ltem
522 2048 641 2109 Paulus
673 2046 768 2109 frater
801 2047 957 2110 lohannis
989 2062 1099 2110 contra
1132 2049 1260 2111 Petrum
1294 2063 1408 2112 octavo
1441 2050 1492 2113 die
1524 2071 1572 2113 re-

309 2154 491 2237 spondebit.

410 2259 488 2321 ltem
505 2259 599 2320 lvana
617 2258 733 2320 mulier
750 2273 859 2321 contra
876 2260 1047 2321 Nicolaum
1061 2262 1166 2342 primo
1183 2262 1276 2324 citata
1292 2282 1359 2324 non
1378 2264 1570 2347 comparuit.

410 2365 488 2427 Item
513 2385 606 2427 causa
632 2365 720 2426 Pauli
745 2364 897 2427 aurifabri
923 2380 1032 2428 contra
1050 2367 1241 2429 Michaelem
1266 2368 1306 2430 ad
1330 2382 1404 2431 octo
1429 2369 1498 2431 dies
1522 2383 1570 2433 est

306 2485 487 2555 prorogata.

411 2579 490 2641 Item
515 2580 638 2663 Symon
662 2579 747 2641 filius
764 2579 959 2662 Chepurnye
984 2592 1098 2641 octavo
1123 2580 1175 2642 die
1191 2581 1290 2642 tercio
1315 2601 1347 2643 se
1372 2602 1471 2664 penes
1497 2603 1573 2646 suas

302 2685 409 2747 literas
430 2705 525 2768 super
556 2706 594 2748 eo
628 2686 756 2767 jurabit,
789 2685 877 2767 quod
903 2685 1056 2747 Micusius
1088 2685 1172 2747 filius
1203 2686 1278 2748 lvan
1308 2688 1447 2750 condam
1472 2689 1570 2770 judex

304 2792 413 2854 relicte
445 2793 587 2873 magistri
621 2790 762 2853 Rafaelis
798 2806 828 2853 et
863 2789 937 2853 filiis
968 2792 1033 2852 suis
1065 2791 1210 2854 ducentis
1241 2792 1310 2855 flor.
1335 2795 1404 2856 auri
1441 2794 1571 2857 debitor

306 2917 372 2959 non
397 2897 517 2959 suisset.

413 3004 489 3065 ltem
516 3003 590 3064 lvan
608 3004 708 3084 pistor
722 3016 837 3063 octavo
855 3002 907 3063 die
924 3023 1018 3084 super
1035 3023 1073 3064 eo
1091 3002 1218 3084 jurabit,
1235 3006 1323 3087 quod
1341 3027 1420 3068 uxor
1438 3006 1573 3090 Georgii

304 3109 572 3171 molendinatoris
608 3109 712 3190 ipsum
748 3108 876 3169 racione
908 3109 1122 3189 quarumdam
1158 3109 1287 3193 frugum
1324 3133 1424 3194 usque
1456 3112 1572 3177 feriam

307 3229 427 3278 sextam
452 3235 536 3276 nunc
561 3228 727 3275 venturam
752 3211 921 3274 affidasset.

410 3322 487 3381 ltem
506 3320 635 3401 Mathey
653 3318 737 3380 filius
751 3319 925 3397 Mikouich,
944 3320 1105 3382 lohannes
1121 3336 1230 3383 contra
1246 3322 1447 3386 Clementem
1464 3325 1572 3406 primo

307 3427 392 3488 citati
417 3446 481 3488 non
510 3440 771 3507 comparuerunt.

357 3642 454 3718 Faria
482 3652 580 3715 sexta
610 3646 765 3733 proxima
786 3652 864 3716 anta
893 3645 1014 3716 festum
1042 3647 1132 3717 beati
1161 3648 1321 3720 Demetrii
1349 3652 1515 3721 martiris.

818 3800 881 3876 (25.
906 3799 1048 3860 octobris).

410 3938 487 3999 ltem
512 3938 664 4000 Nicolaus
688 3953 796 4000 contra
822 3940 1023 4022 Endreycam
1048 3942 1216 4003 mulierem
1240 3943 1345 4024 primo
1363 3943 1477 4005 citatus
1503 3965 1570 4007 non

306 4044 494 4126 comparuit.

411 4150 488 4210 ltem
514 4150 626 4211 Simon
652 4166 760 4214 contra
786 4153 938 4215 lolanum
962 4155 1066 4236 primo
1092 4155 1204 4216 citatus
1229 4174 1294 4215 non
1320 4157 1509 4237 comparuit.

413 4256 489 4317 ltem
526 4276 617 4318 causa
654 4257 785 4340 Georgii
823 4275 931 4321 contra
969 4260 1162 4341 Gregorium
1199 4261 1314 4341 Angeli
1356 4282 1451 4343 super
1486 4261 1570 4326 facto

305 4360 470 4421 cuiusdam
495 4364 605 4424 eubuli
629 4364 669 4424 ad
694 4379 767 4426 octo
792 4365 859 4427 dies
884 4380 930 4427 est
954 4380 1133 4448 prorogata.

411 4468 488 4529 ltem
523 4468 633 4530 Petrus
677 4470 784 4532 Kurch
821 4487 929 4533 contra
971 4472 1164 4553 Gregorium
1207 4473 1312 4554 primo
1352 4475 1465 4535 citatus
1502 4494 1569 4536 non

306 4587 493 4654 comparuit.

411 4678 488 4740 ltem
513 4680 674 4742 lohannes
707 4681 877 4764 Hlebopek
910 4697 1018 4744 contra
1051 4684 1218 4746 Elizabeth
1251 4686 1418 4747 mulierem
1451 4700 1567 4749 octavo

306 4779 357 4842 die
381 4798 475 4846 testes
499 4784 675 4867 producere
701 4786 807 4848 debet.
