3472 5234
263 359 304 420 34
658 338 744 396 Anno
768 335 858 414 1376.
884 371 924 380 —
948 353 979 416 4.
1004 335 1118 412 aprilis.

260 562 307 610 est
330 561 402 630 post
426 547 598 609 adventum
624 548 798 629 Dragozlai
822 548 916 629 jurati
941 547 980 609 de
1005 549 1109 608 Roma
1125 560 1296 629 prorogata
1321 547 1361 608 ad
1385 549 1525 629 primum

260 652 426 735 judicium.

366 760 444 822 ltem
468 759 545 822 Iuan
578 773 688 821 contra
720 758 904 821 Emericum
934 759 1040 842 primo
1072 757 1193 839 judicio
1224 771 1297 841 post
1327 758 1445 820 Pascha
1476 779 1524 822 re·

259 865 441 949 spondebit.

365 971 443 1033 ltem
478 990 572 1034 causa
608 971 676 1032 Kus
700 984 732 1032 et
762 969 894 1051 Georgii
926 983 973 1032 est
1002 989 1060 1053 per
1084 968 1264 1052 Georgium
1296 983 1450 1032 sartorem
1482 969 1522 1031 ad

257 1077 397 1161 primum
422 1075 579 1157 judicium
601 1089 727 1158 recepta
750 1075 791 1136 ad
815 1094 939 1158 pacem.

364 1182 441 1244 ltem
474 1174 624 1264 magister
657 1180 823 1243 Marketho
848 1201 922 1243 cum
953 1179 1083 1263 Mathya
1115 1179 1277 1268 aurifabro
1312 1181 1345 1242 in
1370 1182 1522 1243 omnibus

259 1289 361 1350 causis
384 1287 600 1366 concordavit,
631 1307 690 1349 nec
714 1286 822 1367 aliqua
853 1306 925 1370 pars
957 1299 1067 1348 contra
1099 1300 1221 1368 partem
1252 1285 1386 1347 alteram
1418 1287 1522 1348 insur-

256 1394 374 1475 gendo,
390 1392 615 1456 tantummodo
639 1393 706 1475 ipse
724 1392 842 1455 Mathia
867 1392 926 1474 ipsi
945 1390 1146 1454 Markethoni
1163 1411 1265 1473 usque
1282 1390 1403 1454 festum
1421 1392 1522 1454 sancti

257 1499 341 1581 regis
365 1499 517 1581 Stephani
542 1519 627 1561 nunc
651 1512 822 1560 venturum
846 1498 1007 1580 persolvet
1031 1497 1113 1559 duos
1137 1498 1287 1561 florenos.

364 1606 441 1669 ltem
466 1625 560 1667 causa
585 1604 717 1686 Georgii
743 1619 774 1666 et
798 1604 937 1666 Martink
954 1616 1000 1667 est
1024 1624 1079 1686 per
1103 1617 1197 1667 testes
1215 1604 1256 1665 ad
1272 1605 1413 1687 primum
1436 1604 1519 1686 judi-

258 1712 344 1774 cium
367 1725 440 1795 post
463 1712 561 1774 Passa
584 1723 710 1794 recepta
731 1710 771 1772 ad
796 1729 919 1793 pacem.

363 1817 441 1879 ltem
466 1817 536 1878 Elia
561 1815 721 1878 aurifaber
744 1827 853 1877 contra
881 1816 949 1877 Kus
973 1836 1005 1876 se
1036 1815 1152 1877 tercius
1175 1828 1248 1898 post
1278 1815 1375 1877 Pasca
1398 1815 1519 1898 jurabit

257 1942 353 2006 super
377 1942 428 2003 e0,
452 1922 540 2003 quod
564 1923 632 2003 ipse
655 1941 775 1983 asseres
798 1920 897 2002 ipsius
923 1921 990 1982 Kus
1019 1939 1085 1981 non
1109 1921 1278 2002 recepisset
1302 1919 1427 1983 furtive.

363 2030 441 2092 ltem
457 2027 532 2091 luan
550 2041 660 2090 contra
677 2028 811 2089 luanum
828 2028 932 2108 primo
949 2026 1068 2108 judicio
1086 2039 1158 2108 post
1178 2027 1296 2090 Pascha
1313 2046 1369 2110 per
1383 2028 1517 2091 Paulum

260 2151 291 2198 et
314 2133 464 2198 Chuethk
488 2133 644 2211 atestabit‚
677 2132 765 2213 quod
800 2132 866 2215 ipse
902 2132 1041 2213 quedam
1073 2132 1219 2195 clenodia
1244 2147 1393 2215 argentea
1423 2135 1516 2196 uxori

256 2240 401 2303 Barberii
429 2240 674 2322 inpignorasset.

362 2347 440 2409 ltem
466 2345 583 2407 Paulus
606 2343 691 2405 filius
714 2343 869 2404 Doklesin
893 2356 1003 2406 contra
1026 2344 1161 2406 luanum
1185 2365 1240 2426 per
1266 2344 1464 2426 Stephanum
1489 2358 1520 2408 et

256 2453 426 2516 Miclinum
450 2451 607 2529 atestabit,
632 2448 720 2530 quod
745 2449 848 2531 ipsum
874 2449 960 2510 idem
984 2450 1070 2511 lwan
1096 2450 1333 2531 vituperaverit.

361 2558 440 2619 ltem
464 2565 557 2619 causa
582 2554 721 2637 Philippi
737 2568 768 2616 et
792 2553 912 2617 Mathie
928 2554 1079 2618 aurifabri
1104 2568 1136 2617 et
1153 2574 1210 2638 per
1234 2556 1414 2618 Jobannem
1433 2555 1516 2618 Che-

255 2664 348 2728 merii
373 2664 413 2725 ad
437 2663 578 2745 primum
601 2661 757 2743 judicium
781 2674 854 2743 post
880 2659 997 2722 Pascha
1021 2675 1147 2744 recepta
1172 2662 1212 2723 ad
1236 2681 1358 2744 pacem.

361 2771 439 2833 ltem
464 2789 558 2831 causa
582 2768 690 2830 relicte
716 2767 894 2830 Sabastiani
919 2780 950 2830 et
967 2767 1086 2830 Mathie
1111 2767 1263 2830 aurifabri
1280 2782 1326 2829 est
1349 2788 1405 2850 per
1421 2781 1517 2830 testes

256 2878 296 2940 ad
321 2879 461 2960 primum
486 2875 640 2957 judicium
665 2886 737 2957 post
760 2875 856 2937 Pasca
879 2888 1004 2957 recepta
1029 2874 1068 2935 ad
1093 2894 1215 2956 pacem.

359 2983 437 3045 ltem
462 2981 581 3044 Mathia
606 2979 765 3043 aurifaber
788 2994 898 3043 contra
931 2980 1140 3043 Anthonium
1164 2980 1311 3063 Zitarych
1342 2981 1447 3061 primo
1471 2979 1518 3061 ju·

254 3090 339 3152 dicio
363 3102 434 3171 post
458 3089 553 3149 Pasca
579 3085 793 3169 respondebit.

360 3195 438 3255 ltem
465 3191 644 3274 Stephanus
673 3204 774 3252 sartor
806 3203 915 3252 contra
946 3191 1148 3253 Anthonium
1179 3191 1285 3274 primo
1307 3191 1420 3253 citatus
1452 3211 1516 3253 non

255 3300 444 3383 comparuit.

362 3406 439 3466 ltem
464 3423 558 3465 causa
582 3402 671 3463 Pauli
698 3401 807 3485 Kypar
830 3416 861 3464 et
884 3403 1003 3463 Mathei
1032 3401 1183 3464 aurifabri
1208 3416 1255 3464 est
1276 3423 1332 3485 per
1355 3415 1449 3465 testes
1474 3402 1514 3464 ad

253 3512 395 3595 primum
419 3509 574 3592 judicium
598 3522 670 3589 post
694 3507 790 3569 Passa
813 3521 939 3590 recepta
963 3508 1004 3569 ad
1028 3528 1149 3589 pacem.

359 3617 437 3679 ltem
462 3615 608 3677 Thomas
624 3612 708 3676 filius
726 3613 832 3677 Endre
854 3627 962 3676 contra
994 3614 1245 3676 Paradechalma
1272 3635 1304 3675 se
1329 3615 1463 3676 omnino
1488 3627 1519 3677 et

252 3724 392 3786 totaliter
415 3724 447 3784 in
472 3720 614 3803 quodam
638 3719 797 3802 vituperio
821 3720 1017 3801 expurgavit.

359 3828 436 3889 ltem
455 3827 635 3909 Stephanus
648 3840 757 3887 contra
770 3825 980 3887 Benedictum
997 3826 1102 3907 primo
1115 3825 1227 3887 citatus
1245 3845 1310 3886 non
1324 3804 1513 3908 comparuit.

356 3933 434 3994 ltem
459 3952 552 3994 causa
569 3931 773 4014 Cordaryche
798 3945 828 3992 et
853 3931 949 3992 luane
975 3947 1022 3992 est
1045 3951 1100 4013 per
1118 3930 1305 3993 Marthonos
1328 3930 1514 4013 selliparum

252 4040 292 4101 ad
317 4039 456 4122 primurn
480 4037 635 4117 judicium
660 4052 731 4120 post
756 4038 861 4108 Pasca
876 4049 1001 4118 recepta
1025 4036 1065 4097 ad
1090 4056 1212 4119 pacem.

357 4142 436 4204 ltem
460 4162 553 4204 causa
578 4143 667 4203 Kusk
692 4156 722 4202 et
740 4142 820 4224 Elye
837 4142 984 4224 preconis
1007 4157 1053 4203 est
1069 4162 1126 4223 per
1145 4142 1326 4204 Jobannem
1351 4142 1514 4205 Chemerii

252 4248 292 4310 ad
316 4248 456 4330 primum
487 4246 642 4329 judicium
673 4262 744 4329 post
780 4248 876 4308 Pasca
903 4261 1029 4330 recepta
1053 4248 1092 4309 ad
1119 4267 1244 4329 pacem,
1281 4262 1312 4310 et
1347 4247 1515 4311 fideiussor

252 4354 337 4414 idem
362 4350 524 4414 Johannes
549 4352 711 4414 Chemerii
736 4372 794 4434 pro
818 4352 933 4413 eodem
958 4354 1111 4414 Kuskone
1135 4353 1376 4415 adstatuendus.

356 4458 433 4519 ltem
450 4458 633 4520 Anthonius
650 4460 761 4541 Renyz
787 4473 893 4520 contra
912 4458 1130 4520 Alexandrum
1154 4459 1221 4520 sola
1246 4478 1383 4541 persona
1406 4459 1512 4541 primo

250 4561 371 4642 judicio
394 4577 466 4646 post
490 4564 586 4626 Pasca
619 4563 736 4645 jurabit
766 4584 860 4645 super
892 4584 942 4643 eu,
966 4563 1054 4645 quod
1086 4565 1146 4625 sibi
1172 4579 1249 4627 octo
1272 4585 1387 4647 pensas
1416 4565 1513 4627 dena·
1608 4571 1610 4575 ”

250 4667 371 4730 riorum
395 4669 435 4730 ad
460 4670 722 4732 communitatem
747 4690 812 4732 non
845 4669 982 4731 dedisset
1006 4669 1067 4731 nisi
1103 4670 1235 4732 nomine
1260 4671 1381 4747 mutui;
1405 4669 1513 4752 fruges

248 4784 355 4836 autem
378 4793 437 4857 pro
460 4775 624 4838 laboribus
648 4795 807 4857 equorum
830 4795 962 4838 suorum
986 4776 1072 4839 idem
1099 4775 1284 4838 Anthonius
1306 4775 1508 4858 percepisset.
