3472 5234
620 372 706 430 Anno
725 386 817 448 1390.
843 405 883 415 -
907 385 959 447 29.
985 373 1099 447 aprilis.
1434 392 1494 454 323

337 583 415 644 Item
439 583 541 645 Malar
565 595 674 644 contra
700 581 798 644 Remi
818 583 961 645 secundo
994 584 1106 645 citatus
1130 603 1195 645 non
1217 584 1406 665 comparuit.

337 690 414 751 ltem
439 710 532 752 causa
558 688 671 772 Kyrini
696 701 804 751 contra
826 687 997 751 Nicolaum
1014 708 1115 770 usque
1140 701 1214 751 octo
1239 688 1307 750 dies
1323 689 1364 750 ad
1382 709 1494 772 pacem

232 808 278 856 est
302 808 439 878 recepta.

337 901 416 963 ltem
433 921 527 962 causa
541 901 631 962 Pauli
650 913 759 963 contra
777 901 939 963 Mezaram
957 920 1058 982 usque
1075 913 1149 963 octo
1167 900 1235 962 dies
1248 912 1294 962 est
1311 912 1495 982 prorogata.

338 1007 417 1069 Item
442 1056 450 1070 .
474 1058 482 1072 .
505 1007 621 1070 .chich
646 1021 756 1069 contra
780 1006 865 1068 lwan
890 1007 995 1089 primo
1019 1008 1133 1069 'citatus
1165 1026 1230 1068 non
1260 1005 1450 1088 comparuit.

340 1114 416 1175 ltem
443 1113 567 1175 Malech
592 1126 701 1176 contra
726 1114 855 1175 Petrum
879 1113 984 1195 primo
1009 1113 1122 1175 citatus
1149 1132 1215 1174 non
1239 1111 1429 1194 comparuit.

340 1220 418 1282 ltem
443 1220 562 1300 Porgar
586 1233 695 1282 contra
720 1220 850 1282 Petrum
874 1219 1064 1281 secundario
1078 1219 1191 1281 citatus
1215 1237 1280 1280 non
1305 1217 1495 1301 comparuit.

339 1327 416 1387 ltem
457 1325 703 1388 Gallus'contrs
729 1327 858 1388 Petrum
883 1324 1040 1386 decanum
1057 1325 1161 1407 primo
1179 1325 1292 1386 citatus
1316 1344 1381 1385 non
1406 1342 1493 1385 com·

232 1433 347 1514 paruit.

335 1538 413 1601 ltem
439 1537 548 1601 Bartol
572 1552 684 1600 contra
709 1537 923 1599 Laurencium
944 1537 1049 1619 primo
1073 1536 1186 1599 citatus
1210 1555 1274 1597 non
1300 1536 1490 1618 comparuit.

334 1644 413 1707 ltem
438 1645 584 1728 Mathyas
607 1657 715 1707 contra
740 1644 868 1706 Petrum
893 1656 1046 1706 sartorem
1071 1642 1261 1705 secundario
1285 1643 1398 1705 citatus
1422 1663 1487 1705 non

231 1751 419 1833 comparuit.

334 1856 411 1919 Item
436 1857 596 1918 lohannes
621 1869 731 1919 contra
756 1857 858 1919 Volek
883 1856 987 1938 primo
1011 1856 1124 1918 citatus
1148 1876 1213 1918 non
1238 1858 1428 1940 comparuit.

332 1963 411 2025 Item
435 1963 582 2025 Matheus
595 1963 730 2025 Machen
748 1975 856 2025 contra
882 1963 967 2024 lwan
991 1962 1057 2023 Lah
1075 1962 1180 2044 primo
1198 1963 1311 2025 citatus
1324 1982 1389 2024 non
1408 1982 1494 2025 com·

229 2069 343 2150 paruit.

336 2175 413 2238 ltem
439 2173 631 2238 Gmizouich
656 2189 765 2237 contra
790 2175 1005 2256 Dragozlaum
1030 2174 1135 2256 primo
1170 2175 1284 2237 citatus
1316 2196 1381 2237 non
1407 2195 1494 2238 com·

228 2283 346 2363 paruit.

334 2388 412 2451 ltem
444 2389 551 2451 relicta
570 2388 716 2471 Mathyas
733 2401 843 2450 contra
865 2389 1058 2469 Agustinum
1083 2387 1280 2450 sacerdotem
1298 2388 1490 2450 secundario

231 2493 324 2555 citata
349 2515 415 2556 non
440 2494 629 2576 comparuit.

334 2600 412 2662 ltem
450 2600 627 2682 Gregorius
660 2598 817 2682 voyschar
847 2619 948 2681 usque
982 2599 1162 2681 quindenas
1193 2612 1321 2661 centum
1354 2597 1494 2660 florenos

233 2707 300 2768 auri
327 2706 485 2788 Gregorio
507 2707 622 2787 Angeli
647 2706 771 2768 solvere
796 2705 901 2769 debet.

335 2811 413 2873 ltem
435 2812 526 2873 Tade
552 2812 688 2874 citerista
717 2825 832 2873 octavo
865 2811 916 2872 die
942 2811 1084 2873 secundo
1117 2831 1150 2874 se
1174 2830 1269 2893 super
1293 2830 1332 2872 eo
1363 2809 1491 2891 jurabit.

227 2917 315 2998 quod
340 2918 406 2999 ipse
431 2918 595 2999 quoddam
620 2918 825 2980 bambusium
848 2936 942 2979 suum
967 2935 1033 2978 non
1057 2916 1264 2980 vendidisset.

334 3041 411 3103 ltem
435 3042 460 3103 si
487 3042 686 3124 Margaretha
711 3042 827 3104 mulier
846 3062 946 3124 usque
971 3056 1045 3104 octo
1069 3042 1137 3103 dies
1154 3041 1360 3104 medietatem
1385 3041 1489 3103 cuius·

228 3147 301 3209 dam
327 3147 420 3209 vinee
445 3168 510 3209 non
535 3148 680 3229 redimet,
701 3161 816 3211 extunc
841 3148 942 3230 ipsam
960 3149 1087 3210 vineam
1112 3146 1271 3230 Gregorio
1296 3147 1408 3208 sartori
1433 3145 1488 3208 ad-

227 3252 452 3334 judicabimus.

333 3360 411 3422 ltem
435 3360 553 3422 Paulus
577 3358 740 3422 Benchich
762 3373 876 3423 octavo
911 3360 962 3422 die
1001 3360 1100 3422 tercio
1124 3381 1156 3422 se
1181 3379 1276 3442 super
1300 3379 1338 3421 eo
1363 3358 1490 3441 jurabit,

232 3466 319 3548 quod
337 3467 404 3549 ipae
421 3467 552 3529 terciam
569 3480 691 3549 partem
705 3467 770 3529 vini
783 3467 823 3530 de
836 3466 976 3549 quadam
994 3466 1087 3529 vinea
1111 3487 1169 3549 pro
1182 3487 1215 3529 se
1229 3486 1293 3528 noo
1312 3466 1490 3548 recepisset.

332 3573 411 3635 ltem
446 3572 553 3635 Herch
588 3573 628 3635 ad
661 3573 923 3656 respondendum
962 3586 1071 3635 contra
1104 3572 1299 3653 Gregorium
1334 3573 1490 3655 voyschar

227 3698 293 3741 non
320 3694 417 3744 venit.

245 3878 340 3953 Feria
369 3889 469 3954 sexta
497 3885 651 3971 proxima
680 3892 758 3953 ante
781 3881 904 3954 festam
932 3882 1107 3953 beatomm
1137 3881 1280 3971 Philippi
1311 3888 1343 3952 et
1370 3880 1489 3971 Jacobl

738 4006 977 4095 apostoloram.

752 4179 817 4252 (29.
841 4177 970 4252 aprilis).

331 4317 409 4379 ltem
419 4318 615 4380 Laurencius
627 4329 737 4379 contra
751 4316 894 4379 relictam
905 4315 1064 4378 Leonardi
1075 4328 1188 4377 octavo
1203 4314 1255 4377 die
1269 4313 1486 4396 respondebit.

332 4423 410 4484 ltem
444 4423 582 4485 lacobus
613 4421 743 4505 pellifex
765 4435 796 4484 et
827 4421 988 4484 lohannes
1012 4434 1121 4484 contra
1155 4421 1239 4482 Scuk
1263 4419 1368 4502 primo
1399 4419 1484 4481 citati

225 4548 291 4590 non
317 4542 574 4611 comparuerunt.

330 4634 407 4696 ltem
432 4634 535 4697 Malar
558 4646 665 4696 contra
692 4634 822 4697 Gallum
847 4634 952 4717 primo
976 4634 1090 4697 citatus
1114 4652 1178 4694 non
1203 4630 1393 4713 comparuit.

330 4740 408 4803 ltem
422 4740 542 4803 Mathei
568 4787 575 4803 .
600 4790 608 4805 .
634 4788 641 4804 .
666 4753 776 4802 contra
801 4741 945 4802 Marcum
962 4740 1067 4822 primo
1084 4738 1198 4802 citatus
1213 4757 1278 4799 oon
1295 4736 1485 4818 comparuit.

329 4847 408 4910 ltem
432 4867 525 4910 causa
549 4846 632 4909 Petri
658 4846 715 4908 Sar
736 4860 846 4909 contra
864 4845 1010 4929 Mathyas
1034 4845 1073 4907 ad
1098 4864 1209 4927 pacem
1235 4856 1282 4905 est
1305 4854 1441 4968 recepta.
