3472 5234
588 300 787 380 Anno1378.
812 336 852 345 -
870 317 925 378 31.
949 303 1076 374 augusti.
1414 320 1473 382 ¹47

314 516 393 577 Item
418 514 585 576 Ladislaus
608 528 722 576 octavo
747 513 800 574 die
824 533 857 574 se
878 513 995 575 tercius
1019 511 1137 592 jurabit
1161 512 1194 573 in
1218 531 1268 591 eo,
1292 510 1381 593 quod
1406 511 1473 593 ipse

212 623 301 684 Iellre
325 621 432 704 puelle
459 621 580 683 nullam
604 620 786 701 potenciam
813 617 947 680 fecisset.

317 727 397 789 Item
429 727 543 810 Je(l)ka
568 747 601 786 se
625 725 764 787 secunda
790 724 907 805 jurabit
931 726 964 786 in
992 743 1043 803 eo,
1067 723 1156 805 quod
1180 725 1283 807 ipsam
1308 724 1476 787 Ladislaus

210 832 296 897 filius
318 834 422 895 Borke
447 845 641 895 cruentasset
664 847 695 893 et
718 832 925 893 vulnerasset.

315 941 394 1002 Item
419 961 512 1002 causa
537 939 715 1000 Clementis
746 952 776 999 et
808 938 956 1021 Zitarych
989 951 1036 1000 est
1058 957 1115 1019 per
1148 936 1269 1017 judices
1293 952 1474 1019 prorogata.

316 1047 393 1109 Item
419 1045 580 1108 Sibichich
605 1065 638 1106 se
669 1043 829 1105 secundus
858 1044 975 1123 jurabit
1006 1056 1116 1105 contra
1142 1043 1268 1122 Pusam,
1293 1043 1382 1124 quod
1407 1044 1475 1126 ipse

209 1173 265 1235 per
288 1151 402 1214 falsam
426 1152 511 1212 viam
536 1150 675 1212 cundem
699 1150 812 1211 Pasam
837 1168 901 1210 non
928 1148 1078 1212 duxisset.

316 1258 394 1320 Item
418 1256 557 1318 Vardich
582 1269 696 1317 octavo
721 1255 773 1316 die
805 1275 838 1316 se
863 1255 978 1316 tercius
1009 1253 1126 1335 jurabit
1150 1255 1183 1316 in
1208 1274 1257 1333 eo,
1286 1254 1374 1335 quod
1407 1255 1475 1337 Ipse

211 1365 243 1426 in
268 1365 367 1426 domo
392 1362 546 1424 Iohannis
570 1383 630 1424 nec
653 1362 760 1423 literas
785 1381 843 1422 nec
867 1361 1038 1442 pecuniam
1063 1361 1242 1441 recepisset.

316 1472 394 1533 Item
419 1490 512 1532 causa
537 1469 659 1531 Mareni
684 1481 715 1529 et
738 1467 855 1529 ancille
880 1467 1009 1529 Andree
1033 1481 1080 1529 est
1103 1486 1159 1548 per
1183 1466 1305 1548 judices
1329 1468 1369 1528 ad
1401 1481 1475 1530 octo

212 1577 279 1638 dies
303 1588 473 1659 prorogata
498 1577 556 1636 sub
582 1573 684 1635 forma
708 1573 813 1635 fiende
838 1573 935 1655 pacis.

317 1683 394 1744 Item
427 1681 520 1744 Guch
551 1694 660 1743 contra
692 1680 869 1741 Renarium
901 1698 934 1739 se
964 1678 1082 1741 tercius
1106 1677 1222 1756 jurabit
1252 1699 1348 1761 super
1372 1680 1474 1742 tribus

211 1788 336 1867 marcis,
360 1788 448 1869 quod
474 1788 541 1869 ipse
565 1787 723 1848 Renarius
747 1787 831 1867 ipsas
854 1785 914 1845 sibi
940 1802 1005 1846 non
1030 1785 1246 1866 persolvisset.

317 1911 395 1973 Item
427 1912 602 1993 Matheylro
633 1931 690 1993 per
720 1909 898 1992 Georgium
931 1909 1160 1992 calcariparum
1193 1923 1224 1972 et
1249 1910 1386 1994 Mykech
1411 1911 1476 1973 Ha·

214 2017 343 2096 bonici,
367 2018 455 2099 quod
481 2016 587 2079 Mathe
612 2037 686 2078 snos
710 2019 809 2078 boves
832 2016 1014 2094 remisisset,
1038 2016 1185 2078 atestabit
1209 2029 1322 2079 octavo
1347 2017 1409 2080 die.

318 2124 397 2186 Item
422 2124 588 2186 Emericus
622 2142 755 2205 arcupar
779 2123 873 2184 Petro
906 2120 1029 2183 decano
1053 2121 1199 2202 quinque
1231 2142 1354 2184 marcas
1379 2123 1476 2185 dena·

211 2229 333 2291 riorum
357 2243 389 2292 et
410 2229 507 2310 judici
533 2229 673 2291 mediam
698 2230 729 2290 ln
753 2227 927 2309 quindenis
951 2227 1122 2309 persolvet.

254 2462 349 2537 Feria
378 2467 486 2537 terclo
513 2466 668 2554 proxima
687 2472 764 2554 post
792 2463 916 2535 festum
944 2465 1054 2535 sancti
1084 2465 1249 2554 johannis
1278 2465 1434 2555 BanIste

745 2588 945 2676 predictum.

723 2753 787 2834 (31.
822 2757 965 2832 augusti).

316 2914 424 2975 Primo
459 2927 569 2975 contra
604 2912 804 2995 Mychaelem
839 2911 944 2974 Ortofi
979 2911 1082 2973 Crisel
1118 2913 1224 2992 primo
1262 2913 1375 2975 citatus
1411 2932 1477 2976 non

212 3021 401 3102 comparuit.

315 3127 394 3188 Item
418 3125 580 3188 Iohannes
611 3126 727 3187 Lieber
760 3139 871 3187 contra
897 3124 1075 3207 Georgium
1109 3125 1340 3208 calcariparum
1371 3126 1477 3208 primo

212 3233 324 3295 citatus
347 3253 412 3294 non
441 3233 631 3313 comparuit.

316 3339 394 3400 Item
418 3338 565 3421 Mychael
590 3350 699 3399 contra
724 3337 918 3399 Mauricium
942 3351 1056 3399 octavo
1081 3337 1135 3399 die
1159 3336 1377 3419 respondebit.

318 3443 395 3506 Item
420 3445 572 3506 Nicolaus
596 3445 748 3525 Baboyeb
766 3443 902 3506 asseruit
921 3462 1028 3505 coram
1047 3443 1152 3522 nobis,
1177 3443 1265 3524 quod
1290 3443 1358 3527 ipse
1375 3445 1478 3508 Paulo

213 3570 305 3612 suum
331 3551 455 3612 asinum
479 3570 538 3632 pro
561 3569 614 3611 sex
639 3549 744 3631 pensis
763 3548 969 3627 vendidisset,
993 3549 1060 3631 ipse
1077 3563 1185 3611 autem
1210 3549 1329 3611 Paulus
1347 3550 1477 3615 Matheo

212 3655 316 3740 ipsum
341 3657 466 3718 asinum
491 3655 696 3734 vendidisset,
727 3674 875 3736 proquo
899 3654 1083 3716 Anthonius
1114 3654 1248 3716 Truden
1277 3675 1336 3738 pro
1362 3656 1477 3720 eodem

212 3760 431 3825 fideiubuisset
453 3781 512 3844 pro
535 3761 576 3823 VI
601 3761 719 3843 pensis.

315 3868 393 3930 Item
426 3868 574 3951 Mychael
606 3865 710 3929 Ortofi
742 3880 852 3928 contra
885 3867 1019 3927 luanum
1053 3866 1193 3928 Plauech
1230 3867 1337 3949 primo
1365 3867 1479 3929 citatus

211 3993 277 4036 non
300 3974 488 4055 comparuit.

317 4079 395 4141 Item
420 4079 566 4162 Mychael
590 4077 674 4141 filius
690 4079 782 4140 Pauli
809 4092 920 4140 contra
937 4078 1106 4140 dominum
1125 4079 1269 4141 Priorem
1292 4092 1408 4140 octavo
1425 4077 1478 4141 die

212 4204 246 4245 se
270 4184 430 4245 secundus
453 4185 571 4265 jurabit
595 4186 626 4246 in
652 4204 702 4264 eo,
727 4185 815 4266 quod
842 4184 908 4268 ipse
926 4204 1016 4246 suam
1041 4202 1175 4245 uxorem
1200 4204 1265 4246 non
1291 4184 1414 4246 miserit
1437 4184 1478 4245 ad

209 4288 315 4372 ipsum
340 4290 422 4351 duos
445 4290 514 4353 flor.
539 4292 607 4353 auri
632 4293 672 4352 ab
697 4291 766 4372 ipso
792 4270 982 4354 mutuandi.¹

320 4413 396 4475 Item
422 4415 517 4475 liber
541 4415 703 4477 Iohannes
728 4428 838 4476 contra
857 4413 1009 4496 Gyurgelc
1035 4413 1267 4496 calcariparum
1292 4425 1407 4474 octavo
1425 4412 1477 4475 die

212 4519 427 4602 respondebit.

317 4625 395 4688 Item
422 4625 594 4689 Chuethlro
628 4640 659 4688 et
688 4626 801 4688 Petrus
825 4640 936 4689 contra
968 4624 1137 4688 luaninum
1171 4625 1276 4707 primo
1301 4625 1387 4687 citati
1411 4643 1477 4687 non

214 4746 471 4816 comparuerunt.
1352 4818 1371 4850 ὅ
