3472 5234
594 322 678 377 Anno
702 331 789 396 1377.
816 355 854 362 —
880 334 932 394 29.
958 323 1042 381 rrtaii⁸
1409 340 1445 400 9¹

294 530 372 592 ltem
397 530 549 612 Gyurgelt
583 530 753 613 calcaripar
785 546 893 592 contra
927 531 1042 614 Gyuan
1075 532 1216 593 secundo
1248 533 1361 594 citatus
1385 552 1450 593 non

187 638 377 718 comparuit.

294 743 372 805 Item
405 743 521 825 Gyuan
555 758 663 805 contra
701 743 878 825 Georgium
911 759 1065 806 sartorem
1098 745 1203 826 primo
1235 744 1348 806 citatus
1385 764 1449 804 non

188 850 377 931 comparuit.

292 953 370 1016 ltem
396 955 509 1016 Paulas
533 970 642 1016 contra
668 955 846 1016 lwaninum
863 956 968 1037 primo
994 957 1106 1017 citatus
1131 976 1195 1016 non
1221 956 1408 1037 comparuit.

293 1060 368 1121 Item
394 1081 487 1121 causa
512 1060 643 1142 Georgii
669 1061 858 1143 carpentarii
883 1075 913 1121 et
939 1062 1106 1123 Laureucii
1132 1063 1297 1122 assessoris
1321 1075 1366 1123 est
1390 1081 1448 1144 per

191 1165 343 1248 Gyurgek
367 1165 469 1228 filium
495 1167 619 1228 Nicolai
643 1167 682 1227 ad
707 1180 779 1227 octo
808 1167 876 1228 dies
900 1182 1024 1250 recepta
1049 1168 1088 1228 ad
1113 1186 1237 1249 pacem.

296 1271 373 1333 Item
398 1273 515 1334 Paulus
539 1286 652 1334 octavo
677 1272 727 1332 die
748 1293 804 1353 per
823 1273 988 1333 Miclinum
1011 1287 1041 1334 et
1066 1272 1265 1354 Stephanum
1290 1273 1453 1351 atestabit,

192 1378 280 1459 quod
305 1379 457 1440 Nicolaus
480 1378 657 1440 Malchiche
682 1380 773 1440 uxori
801 1399 855 1439 sue
888 1380 1034 1440 universa
1060 1381 1144 1439 bona
1176 1399 1231 1440 sua
1263 1378 1446 1458 dimisisset,

187 1485 254 1566 ipsa
279 1497 385 1546 autem
411 1484 589 1546 Malchicha
619 1485 724 1546 eidem
750 1485 849 1546 Paulo
882 1484 969 1546 fratri
993 1505 1052 1545 suo
1084 1484 1224 1545 dedisset
1248 1499 1279 1546 et
1303 1484 1449 1564 legasset.

292 1590 369 1652 Item
394 1610 486 1652 causa
512 1590 642 1672 Georgii
668 1591 784 1652 literati
810 1606 839 1650 et
872 1591 1026 1651 lobannis
1051 1591 1214 1652 Chemerii
1240 1605 1286 1652 est
1311 1590 1350 1650 ad
1375 1603 1449 1651 octo

188 1696 255 1757 dies
279 1696 516 1779 perhemptorie
546 1712 716 1778 prorogata
749 1717 822 1758 cum
854 1696 1056 1759 exhibicione
1088 1696 1310 1761 universorum
1335 1698 1449 1758 instru-

188 1816 370 1863 mentorum
395 1823 451 1885 per
475 1804 614 1864 eundem
639 1803 830 1864 iohannem.

294 1909 371 1970 ltem
399 1928 492 1970 causa
518 1907 671 1990 Stephani
704 1923 736 1970 et
768 1910 863 1970 Blasii
890 1922 936 1969 est
967 1929 1023 1991 per
1047 1907 1243 1989 Gregorium
1274 1928 1385 1970 voscar
1410 1908 1450 1970 ad

190 2028 263 2076 octo
289 2015 357 2076 dies
380 2030 506 2097 recepta
527 2016 565 2076 ad
591 2035 712 2097 pacem.

296 2119 374 2180 Item
400 2140 493 2181 causa
518 2121 642 2182 Nicolai
675 2135 705 2181 et
726 2121 890 2182 Valentini
916 2135 962 2182 est
992 2141 1049 2202 per
1073 2121 1275 2183 Clementem
1301 2120 1452 2182 Zirothke

189 2224 227 2285 ad
255 2239 328 2286 octo
353 2225 421 2287 dies
445 2241 569 2309 recepta
595 2228 633 2287 ad
659 2247 782 2307 pacem.

294 2331 372 2393 Item
398 2352 490 2393 causa
516 2333 672 2394 Anthonii
697 2348 727 2393 et
751 2333 901 2395 Chuethk
934 2348 980 2395 est
1003 2354 1059 2415 per
1082 2334 1280 2416 Stephanum
1306 2331 1451 2394 Pundich

189 2437 229 2498 ad
253 2451 326 2499 octo
351 2439 419 2499 dies
443 2453 568 2521 recepta
592 2440 632 2500 ad
656 2459 778 2520 pacem.

295 2545 372 2606 ltem
398 2545 558 2626 Georgius
583 2561 693 2607 contra
719 2547 845 2607 Petrum
874 2547 1017 2607 secundo
1034 2547 1147 2607 citatus
1171 2565 1237 2607 non
1261 2545 1451 2627 comparuit.

294 2651 371 2712 item
396 2651 558 2713 lohannes
583 2652 678 2713 Liber
705 2666 814 2713 contra
845 2652 953 2713 Sibich
976 2665 1089 2713 octavo
1114 2652 1165 2713 die
1190 2651 1406 2734 respondebit.

292 2757 392 2819 Nota!
418 2758 505 2839 quod
530 2759 654 2840 pridem
680 2758 841 2819 lohannes
865 2772 896 2820 et
924 2758 1069 2819 Thomas
1094 2758 1149 2819 hlii
1175 2757 1298 2818 Dedich
1324 2758 1363 2818 de
1382 2757 1451 2817 Mo·

189 2861 283 2922 rocha
308 2862 348 2924 de
373 2863 459 2925 Gora
486 2864 516 2923 in
541 2877 692 2925 nostram.
717 2864 916 2945 iudiciariam
947 2864 1113 2924 venientes
1136 2862 1334 2944 presenciam
1359 2861 1452 2922 nobis

189 2964 376 3030 detexerunt
402 2969 584 3050 querulose,
609 2971 696 3050 quod
723 2971 781 3052 ipsi
807 2971 949 3050 quodam
978 2983 1123 3051 tempore
1148 2969 1291 3050 ipsorum
1316 2967 1451 3029 literalia

189 3071 402 3136 instrumenta
427 3076 512 3136 Luce
549 3077 699 3158 selliparo
725 3076 847 3137 concivi
878 3091 986 3137 nostro
1011 3076 1050 3136 ad
1076 3074 1330 3136 conservandum
1354 3072 1451 3135 tradi-

189 3176 322 3258 dissent,
346 3200 404 3241 nec
429 3180 512 3262 ipsas
537 3182 581 3241 eis
606 3181 644 3242 ad
681 3182 835 3263 plurimas
866 3183 1042 3262 peticiones
1067 3201 1178 3243 eorum
1211 3181 1373 3242 restituere
1398 3199 1450 3241 cu-

190 3300 289 3347 rasset
312 3285 431 3363 dicens,
464 3287 551 3366 quod
584 3288 615 3348 in
647 3288 909 3348 concremacione
941 3288 1076 3348 civitatis
1100 3301 1206 3348 nostre
1238 3286 1451 3348 habitacionis

191 3406 392 3451 concremate
418 3390 550 3453 fuissent
571 3408 600 3453 et
624 3394 817 3469 extitissent3
856 3394 1086 3474 quemquidem
1116 3394 1235 3454 Lucum
1260 3393 1445 3474 selliparum

192 3496 224 3555 in
247 3509 388 3559 nostram
405 3499 603 3579 presenciam
621 3519 733 3559 vocare
752 3498 884 3560 lecimus
901 3514 931 3560 et
948 3499 1118 3579 diligenter
1134 3498 1321 3579 interrogari
1340 3512 1446 3558 utrum

190 3601 256 3683 ipse
281 3601 371 3664 litere
396 3603 459 3663 sint
482 3605 603 3685 perdite
640 3606 689 3666 vel
715 3625 765 3683 ne,
797 3606 986 3686 quiquidem
1020 3606 1178 3666 asserebat
1210 3605 1242 3664 in
1267 3622 1450 3664 concrema·

191 3706 284 3768 cione
309 3708 445 3770 civitatis
462 3725 661 3771 concremate
686 3711 876 3787 extitissent3
894 3732 989 3792 super
1006 3731 1070 3792 quo
1096 3711 1179 3772 facto
1204 3710 1347 3792 predicto
1366 3710 1451 3770 Luce

189 3832 223 3873 se
248 3827 336 3875 sexto
361 3815 616 3896 adjudicavimus
648 3816 809 3898 deponere
842 3817 1069 3897 iuramentum,
1100 3817 1188 3899 quod
1213 3818 1279 3899 ipse
1304 3817 1393 3877 litere
1418 3816 1450 3876 in

189 3921 453 3982 concremacione
486 3923 626 4003 predicte
660 3923 795 3984 civitatis
826 3935 1026 3985 concremate
1058 3925 1121 3984 sint
1151 3936 1181 3985 et
1212 3923 1356 4000 existant,
1381 3922 1450 4003 qui-

190 4025 322 4106 quidem
349 4027 451 4088 Lucas
474 4048 567 4088 suum
594 4043 628 4089 ut
657 4028 768 4090 debuit
798 4029 1007 4110 solempniter
1038 4029 1186 4110 deposuit
1216 4042 1450 4090 sacramentum

189 4129 377 4210 afirmando,
402 4133 490 4214 quod
508 4134 593 4215 apud
612 4134 715 4215 ipsum
741 4134 882 4215 predicte
900 4135 990 4195 litere
1015 4134 1148 4196 fuissent
1172 4134 1227 4195 sed
1253 4135 1284 4196 in
1308 4133 1450 4216 predicta

189 4240 449 4301 concremacione
475 4240 589 4302 amisse
614 4254 644 4302 et
668 4242 791 4323 perdite
816 4241 1002 4303 extitissent.

293 4345 371 4407 Item
396 4346 584 4408 Pauerlinus
609 4360 717 4410 contra
742 4347 897 4409 Mathiam
922 4362 1063 4409 sutorem
1089 4347 1231 4410 secundo
1255 4347 1368 4409 citatus
1384 4367 1450 4408 non

189 4452 376 4533 comparuit.

295 4557 373 4619 item
399 4579 491 4620 causa
516 4561 585 4621 Noz
618 4573 649 4621 et
680 4560 802 4621 Mareni
827 4573 873 4621 est
897 4579 952 4641 per
981 4560 1179 4643 Stephanum
1211 4559 1251 4621 ad
1275 4573 1348 4621 octo
1381 4558 1450 4622 dies

189 4675 313 4745 recepta
338 4664 378 4726 ad
403 4685 523 4746 pacem.

295 4769 372 4832 Item
398 4772 488 4832 Mark
505 4786 613 4833 contra
640 4772 813 4853 Symonem
833 4772 1021 4834 sallivenam
1038 4785 1084 4834 est
1100 4773 1234 4835 omnino
1251 4770 1447 4854 justificatus.
