3472 5234
622 334 708 391 Anno
732 343 818 409 1375.
844 365 884 375 -
902 346 959 409 30.
982 333 1090 392 martii.

344 541 422 603 Item
453 560 547 602 causa
578 539 749 603 Zaualiche
781 553 812 603 et
843 541 993 603 PeterIIni
1025 554 1071 603 est
1103 540 1142 603 ad
1175 542 1316 624 primum
1346 540 1502 623 judicium

238 662 422 730 prorogata.

344 755 423 817 Item
447 774 541 817 causa
564 753 676 816 Jacobi
700 765 731 815 et
755 752 908 835 Stephani
933 765 979 815 est
1001 772 1058 835 per
1081 750 1232 835 Matheyk
1257 750 1437 814 carnificem
1461 752 1502 814 ad

237 861 378 944 primum
402 859 560 942 judicium
583 872 710 943 recepta
734 859 775 921 ad
798 879 922 942 pacem.

344 967 423 1029 Item
448 966 525 1029 Iuan
551 965 712 1028 Sibichich
736 986 769 1027 se
793 967 909 1028 tercius
933 964 1011 1028 feria
1028 981 1114 1029 serta
1138 965 1256 1048 jurabit
1272 979 1382 1028 contra
1406 966 1502 1029 Nico-

241 1072 329 1134 laum
353 1072 442 1153 quod
466 1071 607 1154 quedam
632 1072 742 1135 clamis
765 1092 821 1134 sua
845 1071 927 1134 duos
950 1071 1090 1135 florenos
1113 1072 1275 1135 valuisset.

344 1178 423 1239 Item
453 1178 595 1240 secundo
631 1179 748 1259 jurabit
777 1178 906 1262 propria
937 1199 1074 1261 persona
1097 1178 1185 1260 quod
1217 1179 1307 1240 illam
1331 1179 1502 1241 clamidem

237 1284 298 1346 sibi
321 1298 477 1366 perpetuo
501 1303 567 1346 non
591 1283 782 1347 tradidisset.

345 1389 423 1451 Item
447 1388 703 1471 adjudicavimus
733 1409 845 1452 omnes
875 1390 1091 1472 possessiones
1121 1390 1269 1472 Gregorii
1295 1389 1428 1453 Scortha
1451 1410 1502 1452 or·

238 1494 353 1578 phanis
374 1507 406 1558 et
428 1493 503 1556 filiis
526 1496 575 1557 sui
600 1494 704 1558 fratris
726 1516 783 1578 per
799 1497 975 1558 Martinum
1000 1498 1235 1579 carpentarium
1253 1496 1448 1559 restituenda
1471 1509 1503 1558 et

239 1600 375 1663 literalia
398 1603 619 1664 instrumenta.

343 1708 421 1770 Item
457 1708 614 1770 Martinus
647 1709 864 1791 carpentarius
895 1707 973 1771 feria
1003 1722 1088 1771 sexta
1125 1708 1243 1791 jurabit
1270 1709 1399 1793 propria
1432 1728 1505 1771 cum

238 1833 387 1897 persona,
412 1814 501 1894 quod
533 1813 643 1876 omnia
674 1827 823 1877 contenta
843 1816 875 1876 iu
907 1815 1037 1897 legistro
1068 1836 1127 1879 suo
1159 1837 1218 1901 pro
1241 1817 1348 1879 aalma
1371 1815 1505 1899 predicti

240 1920 388 2002 Gregorii
412 1918 625 2001 expendisset.
930 1997 931 2000 Ἴ

344 2026 423 2088 Item
447 2026 559 2087 Marko
583 2045 615 2087 se
640 2039 747 2089 sextus
771 2039 881 2089 contra
905 2027 1085 2091 Iohannem
1109 2029 1235 2111 jurabit.

344 2132 422 2194 Item
447 2131 607 2212 Georqus
629 2153 662 2195 se
685 2133 802 2195 tercius
826 2134 944 2217 jurabit
967 2149 1077 2198 contra
1102 2135 1241 2198 eundem
1266 2134 1446 2197 Iohannem
1470 2133 1502 2195 in

238 2259 289 2318 eo,
313 2237 402 2319 quod
426 2257 501 2300 eum
525 2237 701 2301 Interficere
725 2238 889 2320 voluisset,
913 2240 991 2302 feria
1015 2254 1103 2304 sexta
1119 2242 1291 2324 plusquam
1315 2253 1457 2303 ventura.

343 2345 421 2406 Item
444 2343 589 2406 Andreas
612 2344 772 2407 aurifaber
803 2359 912 2409 contra
946 2346 1086 2428 judicem
1118 2347 1332 2410 Jacomellum
1356 2358 1403 2408 est
1426 2365 1502 2408 con-

237 2450 339 2512 victus
363 2449 394 2511 in
420 2450 596 2527 Xmarcis;
612 2450 742 2532 juratos,
759 2452 958 2515 consiliarios
982 2465 1013 2514 et
1029 2454 1210 2515 universam
1236 2452 1501 2516 communitatem

238 2556 437 2639 complacare
461 2556 592 2618 debebit
606 2570 737 2639 propter
753 2559 967 2621 assercionem
990 2579 1092 2638 suam,
1109 2558 1198 2640 quod
1216 2559 1377 2621 clvitatem
1394 2569 1501 2619 nostre

237 2661 448 2725 habitacionis
471 2662 569 2726 vellet
591 2682 808 2726 concremare.

344 2769 422 2831 Item
445 2769 591 2831 Andreas
615 2769 710 2831 Zolar
734 2769 812 2832 feria
836 2784 923 2834 sexta
946 2792 980 2834 se
1011 2784 1117 2833 sextus
1141 2769 1258 2852 jurabit
1281 2770 1314 2832 in
1338 2789 1387 2849 eo,
1411 2769 1500 2851 quod

237 2874 304 2959 ipse
329 2875 509 2937 voluntarie
533 2876 694 2938 civitatem
718 2889 825 2939 nostre
849 2876 1062 2940 habitacionis
1085 2895 1152 2939 non
1176 2875 1379 2939 incendisset.

343 2982 421 3043 Item
445 3001 539 3043 causa
563 2982 741 3044 Clementis
765 2996 795 3044 et
818 2982 891 3065 Vyd
915 2984 1043 3045 sartoris
1077 2995 1123 3044 est
1145 3002 1202 3065 per
1225 2982 1426 3045 Anthonium
1450 3001 1502 3042 su·

236 3100 340 3150 torem
376 3101 407 3149 et
442 3088 645 3171 Damyanum
680 3087 719 3150 ad
756 3086 868 3151 feriam
903 3102 1023 3151 sextam
1054 3108 1140 3151 nunc
1175 3101 1341 3150 venturam
1375 3100 1501 3170 recepta

238 3194 278 3255 ad
302 3213 426 3276 pacem.

343 3299 421 3361 Item
445 3297 523 3360 feria
545 3311 631 3360 sexta
649 3298 853 3361 Sebestianus
868 3298 985 3380 jurabit
1000 3313 1109 3363 contra
1131 3300 1266 3362 luanum
1288 3300 1321 3362 in
1345 3319 1394 3379 eo,
1411 3297 1500 3380 quod

238 3403 398 3487 quidquid
420 3404 480 3465 sibi
506 3403 683 3485 dampnum
707 3404 864 3465 Intulisset
886 3405 1067 3487 persolvere
1092 3405 1232 3469 debebit.

342 3509 420 3571 Item
444 3530 537 3572 causa
559 3510 655 3572 Flore
679 3525 711 3572 et
734 3511 818 3573 Petri
842 3524 888 3573 est
912 3512 952 3574 ad
976 3513 1116 3596 primum
1140 3512 1295 3595 judicium
1318 3523 1500 3594 prorogata.

343 3724 440 3801 Ferla
467 3737 567 3802 sexta
595 3739 672 3822 post
699 3730 822 3803 festum
853 3733 1042 3822 predictum
1069 3735 1211 3821 virginis
1240 3732 1393 3821 gloriose.

764 3885 828 3962 (30.
851 3887 975 3962 martit).

343 4023 421 4085 Item
448 4023 617 4086 Elizabeth
641 4025 796 4106 premisso
819 4026 1004 4087 testimonio
1022 4025 1243 4107 comprobavit
1267 4022 1355 4104 quod
1372 4022 1498 4100 domus,

238 4149 300 4210 que
325 4125 377 4191 est'
394 4130 479 4191 iuxta
511 4143 635 4213 portam
668 4130 863 4211 carnificum,
884 4152 902 4193 a
927 4131 1069 4212 Georgio
1102 4131 1192 4193 Plath
1224 4142 1361 4211 quatuor
1384 4131 1499 4192 marcis

238 4249 450 4317 comparasset
474 4256 548 4318 erga
571 4238 689 4320 ipsam;
714 4237 847 4299 domum
872 4238 932 4301 sibi
949 4237 1203 4319 adjudicavimus
1227 4250 1382 4319 perpetuo
1399 4237 1500 4319 possi·

239 4340 378 4402 dendam
404 4356 434 4402 et
450 4342 542 4404 vinee
558 4343 688 4405 terciam
705 4357 828 4425 partem
845 4343 941 4405 slmili
966 4343 1065 4405 modo
1082 4342 1235 4404 utendam
1251 4342 1302 4404 vel
1317 4343 1498 4424 cuicunque

238 4446 377 4509 voluerit
399 4447 594 4510 donandam.

343 4552 422 4614 Item
446 4553 638 4616 Benedictus
661 4553 745 4617 filius
777 4553 930 4637 Stephani
962 4552 1019 4616 filii
1044 4554 1169 4615 Lucasii
1194 4573 1288 4616 suum
1319 4552 1497 4641 baltheum,

238 4676 337 4738 quem
361 4657 477 4720 habere
510 4658 685 4721 dinoscitur
715 4659 955 4741 inpignoratam
988 4658 1073 4741 apud
1097 4659 1259 4721 Andream
1288 4659 1425 4721 condam
1450 4659 1497 4740 ju·

237 4774 342 4824 ratum
366 4775 510 4825 nostrum
534 4766 710 4845 concIvem,
730 4785 789 4848 pro
805 4765 917 4828 decem
941 4778 972 4828 et
992 4777 1131 4847 quatuor
1147 4766 1261 4828 marcis
1284 4786 1319 4830 ac
1335 4766 1425 4828 XXV
1441 4765 1497 4827 de·
