3472 5234
279 341 341 402 228
650 336 846 418 Ann01385.
872 374 912 384 -
936 355 987 402 20.
1004 343 1154 416 januarii.

386 550 464 614 Item
488 562 583 614 causa
614 550 774 614 Pecohleb
806 565 915 635 contra
947 551 1164 633 Dragozlaum
1191 552 1230 613 ad
1263 550 1376 615 feriam
1414 554 1546 616 terciam

280 669 327 722 est
350 671 534 755 prorogata.

385 764 465 828 Item
482 765 669 827 Franciscus
685 763 770 827 filius
794 764 894 826 Marci
911 764 1049 827 condam
1073 763 1168 846 judex
1190 765 1278 827 iuxta
1302 778 1445 827 nostram
1463 766 1547 848 jacti-

280 872 410 934 ciariam
435 871 697 933 commissionem
722 890 818 954 super
845 890 895 950 eo,
918 871 1019 933 tercio
1042 890 1086 950 se,
1118 871 1207 953 quod
1232 872 1299 954 ipse
1330 885 1465 934 centum
1490 871 1547 934 flo·'

279 980 375 1041 tenos
398 977 467 1040 auri
491 978 547 1040 lite
572 978 654 1039 inter
676 978 781 1060 ipsum
805 990 835 1039 et
858 990 949 1039 suam
976 976 1147 1058 conjugem
1173 978 1214 1039 ab
1239 997 1301 1039 una
1326 992 1357 1039 et
1383 977 1466 1039 inter
1492 978 1547 1040 Di·

279 1085 394 1146 ka‘ua'in
418 1086 544 1146 socrum
562 1095 652 1146 suam
675 1084 715 1145 ab
732 1081 831 1145 altera
847 1082 1008 1165 pendente
1032 1081 1234 1165 expendisset
1258 1095 1289 1144 et
1315 1083 1548 1164 consignasset.-

388 1188 467 1253 item
491 1189 642 1252 dominus
671 1189 825 1251 Nicolaus
856 1188 1026 1271 episcopus
1049 1187 1278 1251 Corbauiensis
1310 1189 1342 1250 in
1374 1189 1547 1272 interemp⁴

279 1297 372 1359 cione
395 1296 481 1359 iwan
503 1296 561 1357 filii
585 1296 758 1378 Dragonya
782 1295 938 1356 innocens
962 1307 1009 1356 est
1024 1309 1168 1376 repertus
1192 1309 1223 1356 et
1247 1295 1402 1357 immunis
1426 1295 1546 1377 inquo

279 1394 388 1466 relicta
414 1403 514 1486 ipsius
538 1402 624 1465 iwan
648 1402 754 1484 ipsum
778 1400 948 1463 dominum
976 1403 1163 1485 episcopum
1190 1403 1392 1484 inculpasset.

387 1509 467 1572 Item
491 1528 586 1571 causa
617 1508 768 1570 Peterlini
801 1521 910 1569 contra
943 1508 1123 1571 Johannem
1148 1527 1251 1590 usque
1283 1507 1325 1569 ad
1348 1506 1463 1569 feriam·
1485 1515 1547 1570 ter*

279 1615 361 1678 ciam
387 1629 433 1677 est
456 1627 639 1697 prorogata.

385 1723 463 1784 Item
490 1720 568 1783 Scof
588 1719 666 1783 feria
695 1721 792 1783 tercia
824 1721 967 1782 secundo
998 1741 1031 1781 se
1055 1719 1183 1802 jurabit,
1216 1720 1304 1802 quod
1329 1720 1397 1803 ipse
1424 1720 1546 1782 Lucam

279 1827 444 1891 medicum
468 1838 534 1890 non
558 1824 779 1909 vituperasset.

385 1934 464 1998 Item
482 1933 639 1995 Martinus
655 1931 744 1994 saber
760 1951 817 2015 per
836 1946 930 1994 testes
946 1932 1008 1994 hoc
1023 1933 1180 2011 atestabit,
1198 1933 1287 2014 quod
1308 1933 1368 1994 sibi
1387 1932 1547 2015 Pauerlyn

280 2061 375 2103 noser
398 2040 459 2101 sibi
483 2038 648 2121 proximus
671 2036 792 2118 fuisset,
816 2036 894 2099 feria
918 2038 1026 2100 tercia.

386 2146 465 2208 Item
489 2144 637 2228 Mychaei
668 2148 769 2206 sertor
802 2144 903 2205 tercio
933 2163 966 2206 se
990 2142 1069 2206 feria
1100 2145 1198 2207 tercia
1229 2158 1324 2227 super
1356 2164 1395 2206 eo
1420 2144 1547 2225 jurabit,

279 2253 369 2335 quod
392 2253 460 2335 ipse
484 2251 646 2333 quendam
670 2269 792 2332 panum
823 2262 909 2311 extra
931 2268 996 2311 non
1027 2249 1166 2312 dedisset
1191 2270 1250 2312 nec
1283 2270 1358 2312 cum
1384 2270 1442 2312 suo
1466 2250 1547 2312 scitu

280 2371 327 2421 est
349 2371 528 2440 receptum.

422 2592 518 2666 Feria
546 2600 646 2665 sexta
673 2595 830 2682 proxima
857 2599 935 2682 post
961 2591 1083 2663 festam
1111 2594 1221 2663 sancti
1250 2590 1421 2665 Anthonii.

787 2742 854 2824 (20.
869 2743 1042 2830 januarii).

385 2888 464 2949 It'etn
478 2887 667 2949 Dominicits
680 2898 791 2948 contra
810 2885 1003 2967 Gregorium
1016 2887 1121 2969 primo
1141 2885 1254 2947 citatus
1275 2905 1341 2946 non
1354 2887 1546 2968 comparuit.

385 2995 465 3056 Item
496 3013 590 3055 causa
621 2992 749 3054 Andree
781 2997 893 3054 contra
926 2991 1103 3074 Georgium
1136 2991 1176 3052 ad
1201 2990 1313 3053 feriam
1344 2992 1479 3054 terciam
1503 2991 1544 3054 ad

280 3103 392 3185 pacem
416 3099 463 3163 es't
486 3103 624 3182 recepta.

386 3189 463 3269 item
495 3210 589 3268 c'au'sa
614 3204 746 3286 Georgii
771 3207 880 3267 contia
905 3201 990 3264 Iw‘an
1014 3203 1053 3265 ad
1079 3210 1228 3265 octavum
1253 3202 1339 3265 diem
1364 3201 1404 3265 ad
1432 3209 1544 3286 pacem

280 3327 328 3375 est
351 3326 488 3394 recepta.

385 3419 463 3481 ltem
487 3415 634 3479 Zekiricb
658 3421 767 3478 contra
793 3415 877 3477 l'wan
902 3413 979 3476 feria
1002 3415 1099 3477 terci'a
1122 3413 1340 3498 respondebit.

385 3525 464 3587 Item
483 3523 568 3606 Span
593 3541 666 3583 cum
683 3508 804 3583 Jacobo
821 3519 958 3604 'pellifice
975 3540 1076 3602 usque
1093 3519 1205 3582 feriam
1223 3521 1354 3582 terciam
1379 3519 1545 3583 racionem

281 3631 362 3694 inter
386 3652 418 3693 se
443 3630 548 3692 facere
573 3629 702 3691 debent.

386 3736 464 3797 item
500 3732 577 3798 Iuan
613 3731 737 3817 Lasych
768 3746 878 3795 contra
912 3732 1114 3795 Anthonium
1148 3733 1290 3795 secundo
1322 3732 1437 3794 cit'atus
1476 3753 1542 3795 non

280 3843 470 3924 comparuit.

386 3949 465 4010 Item
489 3967 584 4009 causa
615 3945 728 4008 famuli
760 3947 902 4029 magistri
934 3933 1089 4008 iohannis
1119 3955 1230 4006 contra
1263 3943 1402 4006 famulos
1427 3943 1546 4007 Cusser

279 4056 320 4118 ad
344 4054 457 4118 feriam
481 4053 614 4116 terciam
638 4064 685 4114 est
707 4057 890 4135 prorogata.

385 4164 464 4241 item
489 4178 577 4260 quod
602 4178 677 4258 quia
701 4190 796 4239 testes
819 4188 875 4260 per
899 4166 1073 4238 Martinum
1091 4173 1217 4236 fabrum
1242 4173 1401 4256 producti,
1428 4194 1466 4234 ex
1489 4193 1546 4235 au·

280 4287 351 4349 ditu
383 4284 553 4367 Pauerlyni
585 4284 645 4345 sibi
677 4297 851 4364 cognatum
887 4281 984 4344 fuisse
1015 4294 1089 4343 suut
1118 4280 1273 4357 attestati;
1305 4279 1379 4341 ideo
1407 4278 1545 4341 fundum

280 4391 425 4454 eiusdem
450 4390 588 4452 Johanni
620 4389 776 4452 sacerdoti
808 4387 849 4450 ad
873 4386 1046 4450 emendum
1077 4385 1315 4467 judicaverunt3
1343 4386 1409 4468 ipse
1437 4400 1544 4448 autem

279 4496 436 4560 Martinus
460 4495 561 4577 ipsam
586 4515 714 4557 causam
739 4494 779 4556 ad
803 4495 953 4575 antiquos
976 4492 1097 4574 judices
1122 4483 1308 4574 appellavit.

385 4602 464 4664 Item
494 4586 643 4685 Peteriyn
674 4602 763 4664 solus
797 4619 892 4682 super
924 4619 962 4661 eo
993 4598 1121 4680 jurabit,
1157 4595 1246 4679 quod
1277 4597 1345 4679 ipse
1381 4596 1545 4678 quandam

279 4727 423 4770 mensam
447 4720 478 4768 et
510 4707 665 4788 quasdam
698 4707 805 4770 caules
836 4726 910 4769 cum
940 4704 1037 4767 doleo
1068 4724 1133 4766 non
1165 4700 1362 4766 vendidisset
1389 4723 1445 4765 seu
1469 4722 1545 4766 con-

279 4832 345 4875 ces·
