3472 5234
294 334 354 412 164
686 329 886 409 Ann01382.
914 366 950 375 —
975 345 1004 408 7.
1029 334 1143 393 martii.

396 546 471 607 Item
498 544 665 605 Emericus
681 558 791 604 contra
811 543 941 605 Petrum
958 557 1111 604 sartorem
1128 556 1244 605 octavo
1262 543 1314 605 die
1332 544 1553 626 respondebit.

395 653 472 714 Item
497 651 583 712 idem
608 651 774 712 Emericus
797 669 931 732 arcupar
954 663 1063 710 contra
1088 648 1258 712 dominum
1276 651 1399 712 Lucam
1423 650 1553 713 Bonioli

287 773 402 820 octavo
427 757 479 819 die
503 755 719 838 respondebit.

394 862 471 923 Item
496 860 672 942 Gregorius
702 859 940 922 Devetizodech
971 876 1081 921 contra
1114 860 1315 942 Mychaelem
1349 860 1562 923 molendina·

288 983 389 1031 torem
415 968 520 1050 primo
544 967 657 1028 citatus
687 985 753 1027 non
777 966 969 1051 comparuit.

394 1074 473 1135 Item
495 1073 657 1134 Iohannes
688 1071 785 1133 Liber
817 1085 927 1133 contra
952 1072 1016 1134 Res
1045 1092 1102 1154 per
1125 1086 1222 1134 testes
1255 1071 1401 1134 efficaces
1431 1072 1553 1134 scilicet

287 1199 361 1242 cum
385 1179 530 1241 Johanne
555 1197 653 1260 parvo
677 1191 708 1239 et
731 1177 885 1257 magistro
910 1176 1024 1239 Gooch
1048 1177 1186 1260 pellifice
1210 1192 1242 1239 et
1266 1177 1430 1260 Stephano
1449 1179 1552 1240 Nosar

288 1285 374 1347 dicto
391 1280 505 1346 octavo
523 1283 574 1345 die
591 1282 652 1344 hoc
669 1282 830 1344 attestabit
846 1282 936 1363 quod
948 1283 1053 1364 ipsum
1067 1283 1230 1344 Iohannes
1248 1303 1313 1345 non
1330 1284 1551 1366 vituperasset.

393 1391 471 1453 Item
496 1391 554 1451 Jak
578 1389 715 1450 Iacobus
738 1387 843 1449 dictus
868 1388 995 1470 Kupich
1026 1402 1136 1451 contra
1160 1389 1275 1471 Vyden
1308 1390 1414 1471 primo
1439 1390 1553 1452 citatus

288 1518 353 1559 non
378 1496 569 1578 comparuit.

394 1603 471 1665 Item
497 1602 620 1684 Symon
645 1599 822 1662 Wlkouich
846 1615 956 1663 contra
978 1600 1188 1662 Salomonem
1213 1601 1319 1682 primo
1348 1601 1462 1662 citatus
1485 1620 1551 1662 non

287 1723 477 1792 comparuit.

393 1816 470 1876 Item
495 1814 581 1874 idem
606 1812 728 1895 Symon
752 1812 928 1874 Wlkouich
960 1827 1070 1874 contra
1095 1812 1267 1874 Nicolaum
1300 1812 1405 1893 primo
1438 1813 1552 1874 citatus

286 1940 352 1982 non
377 1920 565 2001 comparuit.

391 2026 470 2086 Item
495 2044 588 2086 causa
613 2021 739 2089 Nicolai
766 2039 796 2086 et
827 2024 910 2085 Rees
933 2023 974 2085 ad
1004 2037 1154 2085 octavum
1181 2023 1266 2084 diem
1302 2023 1342 2084 ad
1368 2043 1480 2105 pacem
1505 2037 1552 2086 est

286 2146 423 2213 recepta.

392 2239 469 2299 Item
494 2236 656 2298 Iohannes
679 2235 764 2297 filius
788 2236 963 2318 Mychaelis
986 2249 1096 2297 contra
1121 2233 1252 2297 Gerdak
1278 2251 1351 2317 post
1374 2235 1550 2298 adventum

286 2345 431 2407 eiusdem
458 2341 587 2405 Gerdak
611 2343 644 2403 in
668 2342 774 2424 primo
798 2341 918 2423 judicio
942 2341 1161 2423 respondebit.

391 2451 469 2512 Item
501 2468 596 2510 causa
624 2447 768 2509 eiusdem
801 2448 955 2510 Iohannis
985 2462 1093 2509 contra
1126 2445 1242 2529 Gyuan
1274 2447 1551 2523 tricesimatorem‚

285 2557 371 2619 idem
396 2555 512 2639 Gyuan
538 2568 651 2616 octavo
676 2553 728 2614 die
752 2553 968 2635 respondebit.

389 2661 466 2724 Item
494 2661 579 2722 Iwan
611 2660 784 2741 HIebopek
815 2673 925 2721 contra
957 2658 1157 2740 Stephanum
1191 2658 1295 2719 filium
1328 2657 1419 2719 Pauli
1444 2658 1549 2739 primo

285 2769 398 2830 citatus
422 2786 487 2828 non
512 2766 702 2847 comparuit.

390 2874 469 2935 Item
494 2891 588 2933 causa
613 2871 696 2931 Petri
721 2870 986 2931 molendinatoris
1010 2883 1120 2931 contra
1138 2868 1318 2950 Georgium
1345 2869 1547 2930 molendina-

284 2995 386 3041 torem
412 2979 451 3039 ad
476 2992 624 3038 octavum
648 2976 734 3037 diem
760 2975 799 3036 ad
825 2995 935 3057 pacem
960 2989 1006 3037 est
1030 2989 1166 3056 recepta.

390 3085 468 3145 Item
493 3081 652 3163 Georgius
676 3096 776 3143 sartor
801 3101 902 3162 usque
926 3080 1106 3163 quindenas
1139 3080 1303 3162 Stephano
1329 3080 1415 3141 dicto
1440 3080 1548 3164 Rady·

285 3189 402 3250 nouich
427 3189 523 3249 debet
546 3187 669 3248 solvere
700 3187 813 3267 viginti
845 3206 966 3248 marcas
997 3186 1205 3247 denariorum
1236 3187 1322 3247 iuxta
1347 3186 1445 3248 series
1478 3187 1549 3247 Iite-

283 3315 388 3356 rarum
414 3294 553 3376 Mykusii
578 3293 715 3353 condam
732 3292 847 3372 judicis
871 3293 964 3353 nobis
988 3293 1020 3352 in
1038 3291 1114 3353 sede
1138 3290 1304 3370 judiciaria
1320 3292 1546 3354 exhibitarum.

390 3402 468 3462 Item
492 3399 611 3461 Paulus
636 3400 744 3480 Kypar
775 3411 885 3459 contra
917 3397 1025 3459 Hareh
1056 3395 1232 3479 pellificem
1268 3410 1383 3458 octavo
1416 3397 1468 3459 die
1501 3417 1548 3459 re·

284 3507 473 3588 spondebit.

388 3612 466 3672 Item
491 3630 585 3673 causa
610 3610 734 3672 Nicolai
759 3608 915 3671 carnificis
931 3625 962 3671 et
986 3608 1135 3690 Gregorii
1160 3609 1201 3669 ad
1227 3623 1379 3670 octavum
1404 3609 1491 3670 diem
1507 3609 1549 3671 ad

284 3738 394 3800 pacem
420 3732 466 3779 est
490 3731 628 3798 recepta.

387 3824 465 3884 Item
492 3842 585 3884 causa
613 3822 757 3884 eiusdem
791 3821 916 3882 Nicolai
949 3834 1058 3881 contra
1092 3821 1290 3882 Domianum
1323 3819 1363 3881 ad
1397 3834 1548 3882 octavum

283 3930 369 3990 diem
394 3928 433 3990 ad
459 3947 570 4011 pacem
596 3941 642 3989 est
670 3942 807 4009 recepta.

386 4037 465 4097 Item
483 4055 577 4096 causa
599 4033 726 4097 Nicolai
751 4034 889 4095 condam
914 4032 1027 4113 judicis
1052 4046 1162 4094 contra
1181 4032 1361 4094 Johannem
1386 4033 1485 4094 Liber
1507 4032 1548 4094 ad

283 4155 432 4202 octavum
460 4140 546 4202 diem
570 4140 610 4201 ad
634 4159 744 4222 pacem
770 4153 817 4200 est
840 4152 976 4219 recepta.

390 4246 469 4306 Item
486 4265 580 4307 causa
606 4244 711 4327 Spaan
745 4258 776 4304 et
808 4242 962 4303 Iohannis
992 4242 1133 4305 Chemer
1167 4256 1213 4303 est
1236 4257 1414 4324 prorogata
1446 4263 1547 4325 usque

283 4349 455 4412 adventum
487 4350 630 4412 eiusdem
662 4349 817 4411 Iohannis
847 4349 903 4411 taIi
936 4347 1045 4426 modo,
1087 4347 1177 4428 quod
1210 4349 1376 4409 racionem
1410 4348 1550 4412 debeant

282 4455 364 4516 inter
387 4477 419 4518 se
445 4476 577 4539 ponere,
601 4470 632 4517 et
655 4456 681 4516 si
714 4475 790 4532 non,
823 4469 938 4516 extunc
962 4473 1021 4515 nos
1051 4454 1084 4514 in
1108 4454 1218 4534 primo
1252 4453 1372 4533 judicio
1396 4467 1469 4537 post
1492 4454 1547 4515 ad-

282 4575 414 4624 veutum
437 4582 530 4624 suum
555 4562 678 4643 justicie
702 4560 976 4642 complementum
1001 4558 1165 4621 faciemus.

387 4666 466 4729 Item
484 4687 577 4728 cause
595 4666 711 4749 Magde
735 4679 846 4727 contra
861 4664 1024 4725 Andream
1040 4664 1081 4725 ad
1097 4678 1246 4726 octavum
1263 4665 1349 4726 diem
1374 4664 1416 4726 ad
1432 4684 1546 4747 pacem

282 4782 329 4824 est
351 4784 488 4853 recepta.
