3472 5234
631 329 831 405 Ann01390.
857 361 907 398 -,
922 340 969 402 15.
994 329 1106 402 aprr'ltr.

343 540 421 601 Item
445 540 553 602 Bartol
579 554 688 600 contra
713 535 888 600 Bedicbam
912 539 1017 620 primo
1040 539 1152 601 citatus
1175 558 1239 600 non
1266 539 1456 620 comparuit.

344 646 422 708 Item
447 645 556 707 Marco
580 658 787 727 campanator
804 659 913 705 contra
931 642 1069 727 Mayhen
1087 644 1277 706 secundario
1297 645 1411 707 citatus
1435 664 1501 706 non

238 752 427 834 comparuit.

343 857 420 919 Item
445 857 585 919 decanus
609 857 721 919 Petrus
744 869 853 918 contra
886 856 1014 918 Petrum
1039 856 1144 938 prImo
1175 856 1288 919 citatus
1322 874 1387 917 non
1413 875 1500 918 com·

236 964 351 1046 paruit.

343 1071 422 1133 Item
445 1069 630 1132 Anthoniua
657 1067 782 1131 Jursich
806 1082 915 1131 contra
943 1068 1139 1150 Agustinum
1163 1067 1363 1130 sacerdotem
1386 1087 1499 1130 secun·

239 1177 330 1239 dario
352 1177 466 1239 citatus
489 1195 555 1237 non
583 1175 773 1257 comparuit.

345 1284 422 1345 Item
447 1282 566 1344 Paulus
590 1280 751 1345 aurifaber
776 1294 886 1344 contra
913 1281 1055 1344 Blasium
1083 1281 1274 1343 secundario
1298 1281 1412 1343 citatus
1436 1300 1502 1342 non

236 1390 426 1472 comparuit.

342 1495 419 1557 Item
448 1496 534 1558 Iwan
553 1494 656 1558 Gozel
681 1508 790 1556 contra
809 1494 964 1556 Iacobum
989 1493 1180 1555 secundario
1197 1493 1309 1555 citatus
1333 1512 1399 1554 non
1412 1512 1499 1555 com-

237 1601 351 1684 paruit.

339 1706 419 1770 Item
447 1707 566 1769 Paulus
597 1719 707 1769 contra
739 1706 904 1769 Andream
936 1704 1118 1768 carnificem
1149 1705 1255 1787 primo
1288 1704 1401 1766 citatus
1434 1724 1500 1766 non

238 1815 428 1896 comparuit.

343 1920 420 1982 Item
449 1939 543 1982 causa
568 1918 743 2003 Mycbaelia
768 1919 973 2001 Dampmiani
1004 1931 1115 1981 contra
1140 1919 1300 2002 Kyrinum
1324 1918 1364 1980 ad
1385 1937 1499 2001 pacem

235 2037 281 2086 est
307 2039 444 2108 recepta.

341 2132 420 2194 Item
445 2131 580 2215 Blasych
597 2144 706 2194 contra
724 2131 873 2212 Magdich
891 2131 1080 2193 secundario
1098 2131 1212 2194 citatus
1226 2150 1291 2192 non
1309 2129 1501 2212 comparuit.

341 2238 419 2301 Item
459 2238 544 2301 lwan
577 2237 751 2319 Ozmonog
789 2251 900 2299 contra
931 2238 1112 2299 Iohannem
1151 2237 1256 2319 prImo
1288 2237 1402 2298 citatus
1434 2254 1500 2297 non

236 2345 425 2427 comparuit.

341 2451 420 2514 Item
434 2448 581 2534 Zytaricb
595 2464 705 2513 contra
719 2450 875 2512 Jacobum
892 2450 1083 2512 secundario
1097 2450 1209 2511 citatus
1226 2469 1291 2510 non
1307 2447 1498 2530 comparuit.

342 2557 419 2619 Item
438 2557 598 2618 Henricus
621 2555 752 2639 pellifex
776 2568 885 2618 contra
906 2555 1099 2638 Gregorium
1124 2554 1279 2638 voyscbar
1303 2568 1417 2616 octavo
1442 2554 1495 2615 die

234 2662 452 2746 respondebit.

338 2769 417 2832 Item
445 2768 635 2830 Dominicus
658 2768 749 2850 nIger
772 2781 882 2830 contra
908 2768 1105 2850 Episcopum
1126 2766 1273 2829 terciario
1297 2767 1410 2829 citatus
1427 2785 1493 2828 non

235 2875 424 2957 comparuit.
704 2877 705 2882 ’

345 2981 422 3043 Item
455 2979 603 3062 Mychael
637 2994 751 3042 octavo
784 2979 837 3042 die
867 3000 962 3062 super
993 3000 1031 3042 eo
1063 2979 1180 3061 iurabit
1209 2979 1308 3042 tercio
1331 2999 1375 3058 ae,
1407 2978 1496 3061 quod

237 3087 303 3170 ipse
328 3086 429 3148 Paulo
453 3085 614 3148 aurifabro
640 3087 671 3148 iu
697 3085 838 3168 quodam
863 3085 1025 3149 furticinio
1049 3085 1146 3148 nichil
1171 3100 1218 3148 eat
1240 3085 1420 3168 culpabilis.

340 3212 419 3274 Item
442 3211 604 3273 Antonius
626 3225 656 3274 et
681 3210 857 3292 GregorIus
879 3211 1023 3272 Pondich
1045 3224 1200 3293 tanquam
1229 3224 1323 3273 testes
1347 3210 1492 3293 Zagorch

235 3316 453 3396 testificarunt,
484 3316 573 3399 quod
597 3317 664 3400 ipse
689 3315 833 3398 Zagorch
868 3316 1031 3398 quandam
1066 3318 1194 3380 vitream
1217 3317 1425 3398 ligonizatam
1453 3317 1493 3379 ad

234 3442 349 3485 manus
373 3424 538 3487 Benedicti
563 3422 778 3506 Koponouich
803 3422 1018 3506 tradi(di)sset.

321 3658 418 3733 lesia
447 3669 544 3733 sexta
573 3663 728 3752 proxima
757 3670 834 3751 post
862 3668 1003 3734 octavas
1032 3661 1109 3733 festi
1140 3661 1244 3735 Pasce
1273 3662 1406 3735 domini.

758 3813 822 3889 (15.
839 3814 965 3890 apn'lir).

337 3951 415 4013 Item
437 3972 530 4014 causa
550 3953 639 4015 Pauli
651 3952 844 4016 Mericbicha
859 3967 968 4015 contra
980 3953 1108 4015 Petrum
1119 3953 1158 4015 ad
1169 3972 1282 4035 pacem
1296 3965 1343 4014 est
1362 3966 1487 4035 recepta

338 4057 416 4119 Item
449 4058 561 4121 Petrus
591 4060 739 4121 decanus·
759 4071 869 4121 contra
900 4060 1029 4121 Petrum
1061 4059 1252 4121 secundario
1286 4060 1399 4121 citatus
1432 4079 1497 4120 non

234 4164 423 4244 mmmmm

339 4268 416 4331 Item
441 4270 660 4353 Kopunouich
684 4285 794 4334 contra
823 4271 963 4334 eundem
996 4272 1125 4334 Petrum
1151 4272 1257 4353 primo
1290 4272 1403 4333 citatus
1433 4292 1499 4334 non

233 4375 422 4456 comparuit.

342 4481 420 4542 Item
438 4481 556 4544 Paulus
580 4496 689 4545 contra
706 4483 870 4545 Andream
886 4483 1075 4547 secundario
1093 4483 1207 4546 citatus
1224 4503 1288 4545 non
1307 4484 1499 4565 comparuit.

247 4581 249 4587 ’
336 4587 414 4649 Item
440 4607 533 4650 causa
559 4588 708 4652 Delasich
732 4602 841 4652 contra
860 4590 1010 4671 Magdich
1031 4610 1132 4673 uaque
1156 4590 1296 4672 primum
1321 4589 1498 4653 adventum

233 4678 376 4774 ipsorum
400 4694 543 4777 utrisque
566 4696 710 4777 partibus
734 4709 781 4757 est
796 4710 968 4778 prorogata
997 4710 1028 4759 et
1052 4698 1145 4758 ambe
1169 4710 1275 4779 partes
1298 4709 1408 4758 contra
1431 4715 1499 4758 aeae

234 4798 353 4879 (testesl
377 4801 555 4882 producere
585 4801 712 4863 debent.

1352 4911 1368 4951 2
1380 4913 1386 4950 ι
