3472 5234
607 341 802 415 Ann01377.
828 372 868 381 -
893 353 943 399 20.
961 341 1121 414 februarii.
1457 364 1498 426 77

339 549 415 610 item
441 550 611 613 statuimus
633 561 790 633 perpetuo
813 548 1013 629 duraturum,
1037 549 1125 631 quod
1156 550 1319 612 carnifices
1342 572 1359 612 a
1384 552 1495 614 cerdo·

234 655 328 717 nibus
352 656 403 717 vel
428 669 514 718 cutes
531 655 745 718 vendentibus
769 653 955 716 hominibus
972 655 1152 718 forensibus
1169 657 1274 719 nullas
1288 671 1375 720 cutes
1392 678 1498 721 emere

234 758 372 822 audeant
395 781 454 823 nec
477 773 729 844 presumpmant,
753 759 814 821 nisi
839 759 965 839 ferinas,
990 781 1049 823 nec
1076 762 1109 823 in
1134 761 1216 841 soro,
1240 783 1299 825 nec
1323 763 1498 842 descensu3

238 864 326 947 quod
349 866 374 926 si
399 866 472 948 quis
495 879 604 929 contra
622 879 729 929 nostra
753 878 869 928 statuta
885 864 996 928 fecerit
1019 881 1074 929 aut
1089 887 1169 929 ausu
1184 869 1355 930 temerario
1372 884 1496 932 contra·

236 971 359 1034 venerit
382 972 415 1033 in
439 972 544 1054 primo
569 972 601 1034 in
625 971 787 1053 sexaginta
812 971 960 1050 denariis,
985 973 1016 1033 in
1037 972 1179 1035 secundo
1196 973 1235 1034 ΙΙΙ
1261 993 1374 1056 pensas
1397 974 1495 1037 dena·

237 1077 358 1139 riorum
383 1091 414 1141 et
437 1078 470 1139 in
493 1078 604 1157 tercio,
628 1091 663 1140 ut
685 1077 875 1161 premissum
901 1091 947 1140 est
971 1078 1004 1140 in
1028 1078 1100 1140 aliis
1122 1079 1258 1159 statutis,
1282 1079 1419 1142 eandem
1444 1100 1498 1164 pe-

235 1202 311 1245 nam
335 1184 488 1265 paciatur.

341 1290 419 1352 item
452 1291 622 1354 statuimus
645 1289 734 1371 quod
758 1303 884 1353 sutores
914 1292 1063 1353 subsolea
1088 1304 1119 1354 et
1148 1292 1301 1375 prepedia
1325 1293 1500 1357 vendentes

234 1397 417 1459 nullatenus
440 1415 530 1459 secus
553 1396 701 1457 subsolea
725 1396 863 1458 vendere
881 1410 1122 1479 presumpmant
1146 1418 1203 1480 pro
1221 1397 1407 1460 hominibus
1431 1419 1498 1461 ma-

236 1501 358 1584 joribus
381 1522 497 1584 magna
522 1515 553 1564 et
577 1503 661 1564 bona
686 1501 746 1562 nisi
770 1521 830 1583 pro
862 1503 1007 1585 quinque
1039 1503 1178 1564 denariis
1202 1516 1233 1566 et
1256 1503 1409 1587 prepedia
1440 1524 1499 1586 pro

236 1627 289 1669 sex
314 1607 472 1685 denariis;
496 1608 620 1669 minora
644 1619 750 1668 autem
768 1607 921 1689 prepedia
938 1621 969 1671 et
990 1609 1139 1670 subsoiea
1162 1622 1258 1691 prout
1282 1609 1386 1671 visum
1403 1608 1500 1672 fuerit

235 1714 424 1795 quantitate,
447 1715 506 1775 sub
531 1732 612 1795 pena
636 1712 789 1795 predicta.

340 1819 418 1880 Item
442 1820 611 1883 statuimus
634 1832 790 1901 perpetuo
814 1820 1062 1899 observandum,
1086 1820 1175 1902 quod
1200 1822 1307 1882 nulius
1331 1820 1496 1884 fabrorum

237 1945 337 2007 equos
360 1925 596 2004 miserantium,
621 1925 799 2007 quemlibet
823 1945 942 2006 equum
967 1946 1032 1988 non
1066 1927 1169 1988 maius
1192 1928 1253 1990 nisi
1278 1948 1336 2010 pro
1360 1930 1417 1990 xli
1442 1927 1497 1992 de·
1593 1910 1596 1915 ’

235 2030 332 2092 nariis
356 2044 495 2113 quatuor
511 2030 609 2114 pedes
633 2031 782 2093 sufferare
799 2031 915 2093 audeat
939 2051 997 2094 nec
1013 2047 1233 2115 presumpmat
1248 2046 1314 2096 tam
1338 2035 1499 2097 maiorum

234 2155 331 2218 quam
356 2137 519 2199 minorum
542 2140 601 2199 sub
626 2157 708 2220 pena
732 2137 916 2220 prescripta.

234 2487 333 2566 Nota
360 2490 456 2589 quod
484 2513 577 2566 anno
603 2489 734 2565 domini
764 2490 950 2566 millesimo
981 2489 1179 2567 CCCLXX
1208 2494 1375 2592 septimo,
1406 2501 1496 2569 tem-

233 2611 1497 2712 mmmmmmfflmmfflmmmfflmmn

561 2737 651 2812 cium
680 2737 907 2838 infrascripta
936 2736 1165 2814 denotantur.

379 2986 477 3063 Faria
504 2999 604 3063 sexta
631 2995 786 3080 proxima
822 2999 899 3081 post
935 2992 1137 3064 dominicam
1174 2992 1355 3064 Invocavit.

738 3149 802 3219 (20.
818 3143 998 3220 februaria).

339 3284 448 3346 Primo
472 3284 556 3346 iwan
574 3283 725 3346 Zirothke
742 3298 851 3346 contra
876 3285 1047 3347 Nicolaum
1064 3284 1237 3367 Hlebopek
1253 3285 1359 3367 primo
1382 3285 1496 3347 citatus

235 3408 300 3453 non
325 3391 514 3473 comparuit.

339 3497 416 3558 item
441 3496 548 3558 Mathe
572 3511 681 3559 contra
705 3497 834 3559 Petrum
860 3497 964 3579 primo
988 3497 1102 3560 citatus
1127 3517 1191 3559 non
1217 3499 1407 3579 comparuit.

339 3602 417 3665 Item
453 3603 542 3664 Mark
577 3602 661 3664 filius
696 3602 866 3665 Chernech
908 3601 984 3663 dicti
1024 3602 1126 3664 Putan
1163 3616 1272 3664 contra
1308 3603 1496 3684 magistrum

235 3707 370 3770 Paulum
395 3708 499 3790 primo
524 3709 637 3770 citatus
661 3728 727 3770 non
751 3708 940 3790 comparuit.

340 3813 417 3877 Item
443 3813 606 3876 Johannes
621 3814 706 3875 filius
722 3814 868 3875 Domkus
892 3826 1001 3875 contra
1019 3812 1197 3895 Georgium
1220 3827 1375 3876 sartorem
1392 3816 1497 3897 primo

234 3919 348 3982 citatus
372 3940 437 3982 non
465 3920 655 4002 comparuit.

340 4026 417 4089 item
442 4026 637 4087 Benedictus
660 4024 821 4108 Scarnych
846 4037 957 4087 contra
980 4023 1165 4087 Bedicham-
1180 4025 1285 4107 primo
1302 4025 1414 4086 citatus
1431 4045 1496 4088 non

235 4132 423 4213 comparuit.

339 4236 417 4298 Item
442 4236 607 4298 Emericus
631 4249 740 4297 contra
772 4237 901 4299 Petrum
933 4237 1039 4318 primo
1078 4235 1192 4298 citatus
1216 4255 1282 4298 non
1306 4237 1496 4319 comparuit.

339 4342 417 4404 Item
443 4341 619 4424 Gregorius
642 4343 768 4404 institor
800 4356 830 4404 et
854 4342 1055 4423 Margaretha
1080 4354 1188 4403 contra
1221 4342 1379 4405 Janchech
1411 4343 1497 4405 auri·

233 4446 358 4509 fabrum
382 4449 488 4530 primo
516 4449 600 4510 citati
626 4468 691 4510 non
716 4461 974 4531 comparuerunt.

340 4552 419 4614 Item
444 4553 553 4616 Sibich
578 4568 608 4616 et
633 4552 794 4616 Johannes
819 4555 917 4615 Pazar
940 4566 1049 4615 contra
1075 4553 1165 4616 Mark
1188 4553 1294 4635 primo
1319 4552 1405 4615 citati
1430 4572 1495 4615 non

235 4673 494 4741 comparuerunt.

339 4766 419 4829 Item
442 4766 596 4829 Nicolaus
619 4780 729 4829 contra
753 4766 929 4830 Martinum
951 4765 1058 4849 primo
1081 4765 1195 4828 citatus
1219 4784 1285 4827 non
1306 4762 1485 4845 comparuit
