3472 5234
241 319 299 379 166
639 313 840 393 Ann01382.
864 352 907 360 —
930 331 980 394 14.
1004 317 1113 378 martii.

236 531 325 612 quod
347 530 451 592 dictus
476 529 658 612 Stephanus
684 549 780 613 super
812 543 930 611 quanta
955 529 1130 610 quantitate
1155 528 1290 609 pecunie
1315 525 1396 588 inira
1421 527 1501 588 duas

235 656 350 718 pensas
373 636 581 697 denariorum
606 649 720 697 octavo
745 635 797 697 die
813 635 941 717 jurabit,
958 615 1019 697 hoc
1042 633 1127 695 idem
1144 614 1329 695 Anthonius
1352 633 1413 694 sibi
1428 651 1500 715 per-

235 743 359 804 solvere
384 741 526 803 deberet.

413 957 509 1033 Faria
538 968 636 1031 sexta
674 962 826 1049 proxima
855 968 932 1032 ante
961 960 1161 1033 dominicam
1189 960 1316 1032 letare.

755 1110 822 1192 (151.
844 1111 972 1191 martit).

341 1253 420 1315 Item
444 1251 603 1333 Georgius
626 1265 736 1314 contra
760 1252 940 1314 Iohannem
969 1253 1140 1334 Hlebopelr
1165 1252 1269 1334 primo
1293 1252 1406 1314 citatus
1431 1272 1497 1314 non

236 1360 425 1441 comparuit.

340 1465 419 1527 Item
444 1464 620 1545 Gregorius
643 1462 738 1526 frater
763 1450 912 1525 Damiani
939 1464 1047 1526 literas
1070 1484 1143 1525 suas
1167 1464 1317 1545 antiquas
1341 1476 1373 1526 et
1396 1484 1497 1526 novas

235 1586 349 1635 octavo
381 1571 433 1632 die
464 1586 574 1633 contra
605 1569 771 1631 dominam
801 1569 934 1631 luanam
964 1570 1143 1652 producere
1175 1582 1207 1631 et
1231 1570 1262 1630 in
1294 1569 1417 1649 judicio
1441 1589 1498 1651 po·

236 1697 310 1739 nere
339 1678 443 1740 debet.

341 1783 418 1845 Item
443 1801 537 1843 causa
561 1781 646 1844 Petri
670 1782 778 1863 magni
803 1795 913 1843 contra
945 1782 1129 1843 Emericum
1153 1800 1345 1863 arcuparum
1378 1781 1419 1842 ad
1443 1801 1497 1842 oc·

233 1904 344 1952 tavum
367 1889 454 1950 diem
478 1888 519 1950 ad
543 1907 655 1970 pacem
679 1904 725 1950 est
749 1904 886 1970 recepta.

341 1994 420 2055 Item
444 1994 627 2055 Anthonius
651 1995 750 2055 Renis
773 2006 884 2056 contra
902 1993 1100 2076 Stephanum
1119 1992 1222 2054 filium
1239 1993 1331 2055 Pauli
1355 2006 1428 2075 post
1444 1992 1499 2054 ad·

234 2113 367 2162 ventum
391 2119 484 2160 suurn
511 2099 542 2160 ln
566 2099 672 2181 primo
696 2099 816 2180 judicio
840 2099 1034 2181 respondere
1058 2098 1163 2161 debet.

341 2205 419 2267 Item
444 2205 607 2267 Iohannes
632 2204 803 2287 Hlebopelr
822 2217 933 2267 contra
957 2204 1155 2287 Stephanum
1174 2204 1303 2267 fratrem
1328 2205 1418 2268 Pauli
1434 2204 1499 2286 jam

235 2311 355 2373 dictum
382 2325 496 2372 octavo
521 2311 572 2372 die
596 2310 813 2392 respondebit.

340 2418 418 2481 Item
442 2437 536 2479 causa
560 2416 716 2478 Iohannis
740 2416 836 2478 Liber
860 2428 969 2478 contra
998 2417 1061 2477 Res
1084 2436 1140 2498 per
1164 2430 1258 2479 testes
1283 2416 1323 2478 ad
1348 2431 1498 2479 octavum

234 2525 321 2587 diem
346 2525 386 2585 ad
410 2543 521 2607 pacem
547 2536 593 2585 est
621 2537 758 2606 recepta.
800 2528 803 2535 ⁴

340 2631 418 2693 Item
443 2630 526 2692 Iwan
556 2628 659 2690 Joffan
679 2629 817 2691 condam
842 2629 961 2709 juratus
994 2642 1104 2690 contra
1135 2629 1290 2691 Iacobum
1315 2627 1499 2691 carnificem

234 2738 339 2820 primo
371 2737 484 2799 citatus
514 2756 579 2798 non
604 2736 793 2818 comparuit.

339 2844 418 2905 Item
443 2863 536 2904 causa
561 2842 676 2925 Jalrlyn
701 2857 811 2904 contra
843 2841 1028 2903 Ladislaum
1054 2841 1190 2903 condam
1216 2840 1356 2921 judicem
1380 2843 1421 2903 ad
1445 2861 1498 2903 oc-

234 2964 343 3011 tavum
367 2950 453 3010 diem
478 2949 519 3009 ad
542 2967 654 3030 pacem
680 2962 728 3009 est
751 2961 888 3028 recepta.

339 3054 418 3117 Item
442 3055 553 3116 Petrus
578 3073 713 3135 magnus
737 3054 845 3115 literas
867 3073 939 3114 suas
956 3053 1105 3115 exhibere
1129 3054 1225 3114 debet
1248 3066 1358 3115 contra
1383 3054 1498 3114 Fabia·

234 3181 312 3222 num
336 3161 508 3237 literatum,
541 3173 572 3221 et
603 3160 703 3221 eciam
727 3159 753 3220 si
777 3159 916 3240 placebit
932 3159 1153 3222 testimonium
1186 3159 1356 3238 adducere,
1380 3171 1411 3221 et
1434 3158 1496 3221 hoc

234 3280 348 3329 octavo
381 3266 441 3329 die.

339 3371 419 3433 Item
444 3371 556 3432 Petrus
580 3368 719 3431 famulus
745 3368 902 3451 Delasych
929 3370 960 3430 in
984 3371 1087 3452 prima
1111 3369 1189 3431 feria
1212 3386 1298 3433 sexta
1315 3383 1387 3452 post
1402 3390 1497 3432 suum

234 3477 407 3540 adventurn
431 3497 526 3558 super
550 3490 668 3557 quanta
699 3475 875 3557 quantitate
902 3476 1038 3557 pecunie
1059 3475 1185 3556 jurabit,
1210 3477 1271 3539 hoc
1289 3476 1420 3538 Lachko
1436 3477 1495 3538 sibi

234 3583 406 3666 persolvet,
431 3597 462 3644 et
486 3582 547 3643 hoc
571 3581 653 3643 infra
678 3596 751 3643 octo
776 3602 899 3663 pensas.

340 3689 418 3750 Item
435 3708 529 3750 causa
543 3688 698 3750 Iohannis
708 3687 765 3749 filii
785 3688 960 3771 MychaeIis
976 3690 1112 3751 condam
1129 3690 1370 3751 tricesimatoris
1387 3701 1497 3751 contra

234 3796 350 3879 Gyuan
375 3795 638 3857 trIcesimatorem
662 3795 702 3855 ad
727 3808 876 3856 octavum
908 3794 993 3856 diem
1019 3796 1059 3857 ad
1085 3815 1196 3877 pacem
1221 3808 1267 3857 est
1291 3810 1427 3877 recepta.

339 3901 418 3964 Item
443 3900 589 3982 Mathyas
612 3900 733 3982 juratus
757 3915 787 3962 et
811 3901 949 3962 condam
966 3900 1062 3981 judex
1086 3921 1188 3982 usque
1213 3901 1394 3982 quindenas
1414 3902 1496 3962 Mar·

232 4007 362 4088 garethe
394 4007 532 4068 consorti
565 4006 704 4088 Philippi
729 4026 765 4067 ac
788 4006 894 4068 Ivvane
926 4007 1064 4068 consorti
1098 4007 1182 4068 Iwan
1207 4026 1265 4068 nec
1290 4027 1355 4068 non
1380 4007 1495 4068 Blaselr

234 4127 265 4174 et
286 4113 447 4175 Clementi
481 4132 517 4173 ac
549 4113 750 4193 Margarethe
782 4112 877 4175 debet
908 4113 1032 4174 solvere
1064 4112 1146 4174 infra
1178 4113 1349 4175 duodecim
1375 4133 1497 4175 marcas

233 4219 449 4297 denariorum,
474 4238 532 4280 nec
557 4239 622 4280 non
647 4220 788 4281 ecclesiis
811 4236 931 4280 sextam
955 4233 1088 4301 partem.

338 4324 416 4386 Item
434 4325 546 4386 Petrus
567 4339 668 4386 sartor
692 4338 803 4387 contra
828 4324 982 4386 Mathiam
1014 4340 1168 4387 sartorem
1193 4325 1261 4387 sola
1285 4345 1341 4387 sua
1367 4325 1398 4385 in
1424 4345 1494 4407 per·

232 4447 311 4490 sona
335 4444 449 4491 octavo
474 4431 526 4492 die
549 4451 645 4512 super
669 4449 719 4506 eo,
744 4430 831 4511 quod
855 4430 959 4512 ipsum
984 4449 1049 4491 non
1080 4431 1299 4512 vituperasset,
1323 4429 1450 4513 jurabit.

339 4535 416 4596 Item
441 4536 541 4598 Herih
567 4535 696 4617 pellifex
714 4556 769 4618 per
785 4549 890 4613 testes,
906 4534 1057 4597 videlicet
1081 4537 1186 4613 Kone,
1211 4535 1369 4614 Thkalch,
1395 4535 1495 4598 Male-

233 4658 367 4720 nyczam
391 4656 506 4703 octavo
530 4641 582 4702 die
613 4641 673 4704 hoc
708 4641 864 4719 atestabit,
897 4641 986 4721 quod
1010 4641 1118 4702 Bartol
1151 4641 1290 4724 lapicida
1313 4654 1495 4703 consortem

233 4743 333 4826 ipsius
357 4746 458 4808 Herih
482 4748 692 4830 vituperasset
716 4762 747 4809 et
770 4748 923 4809 trusisset.
