3472 5234
234 292 295 373 362

338 501 415 563 Item
441 521 534 563 cauca
564 499 721 562 Anthonii
752 499 846 582 jurati
878 511 988 560 contra
1019 497 1134 581 Jaklyn
1159 496 1200 559 ad
1231 511 1384 561 octavum
1409 499 1495 561 diem

232 608 273 670 ad
297 626 409 691 pacem
434 620 480 669 est
504 619 641 688 recepta.

342 713 420 775 Item
452 732 545 775 cauae
577 710 732 774 Johannia
763 709 914 773 Pazarich
946 721 1056 773 contra
1088 709 1275 793 Gyaninum
1306 724 1337 774 et
1361 712 1499 794 Mykech

233 817 411 903 (Magdich)
434 818 475 881 ad
499 831 648 880 octavum
671 816 759 879 diem
783 828 829 880 est
853 828 1033 900 prorogata.

340 924 418 987 item
458 944 552 987 causa
583 922 738 985 Anthonii
771 969 812 986 ..
845 936 956 985 contra
989 922 1183 1004 Gregorium
1214 922 1349 986 voschar
1372 922 1413 986 ad
1445 944 1498 987 oc·

232 1047 342 1096 tavum
368 1032 454 1093 diem
478 1044 525 1093 eat
547 1042 730 1113 prorogata.

341 1138 420 1199 Item
445 1135 578 1220 Gyaoua
603 1134 832 1218 Hudlepouich
849 1148 959 1197 contra
984 1135 1152 1197 Marenum
1176 1136 1281 1219 primo
1299 1136 1413 1199 citatus
1430 1156 1496 1199 non

233 1244 424 1326 comparuit.

341 1350 419 1413 Item
444 1347 551 1411 Endre
576 1348 642 1432 Syb
666 1360 776 1410 contra
800 1347 924 1409 Jelkam
961 1348 1067 1430 primo
1084 1348 1198 1410 citatus
1219 1368 1284 1411 non
1309 1350 1500 1431 comparuit.

339 1455 417 1518 Item
438 1456 541 1517 Lucas
572 1468 681 1517 contra
706 1454 861 1516 Jacobum
891 1453 1034 1516 secundo
1066 1454 1180 1516 citatus
1212 1473 1277 1516 non
1306 1455 1497 1538 comparuit.

341 1561 420 1624 Item
454 1559 540 1623 idem
563 1561 666 1622 Lucas
696 1572 808 1621 contra
840 1559 1040 1642 Stephanum
1071 1559 1247 1622 aalivenam
1279 1560 1420 1622 secundo
1452 1561 1496 1622 ci·

233 1682 318 1733 tatur
342 1688 407 1730 non
430 1667 619 1750 comparuit.

339 1775 417 1836 Item
441 1774 552 1836 Petrus
582 1784 613 1835 et
636 1773 799 1835 Johannea
822 1786 932 1836 contra
965 1772 1146 1835 Corardum
1179 1773 1285 1856 primo
1318 1773 1404 1835 citati
1430 1792 1495 1834 non

234 1892 494 1964 comparuerunt.

341 1985 419 2048 Item
443 2004 537 2047 causa
554 1985 723 2046 Laurencii
741 1971 879 2047 condam
903 1982 1018 2066 judicie
1034 1998 1144 2047 contra
1163 1985 1318 2047 Mathiam
1342 1997 1499 2046 sartorem

232 2091 272 2155 ad
296 2104 445 2154 octavum
467 2089 553 2152 diem
576 2089 616 2151 ad
640 2109 752 2172 pacem
777 2103 823 2151 eat
847 2104 1028 2173 prorogata.

315 2234 317 2239 <
342 2198 420 2261 Item
443 2196 533 2279 quod
556 2196 631 2279 quia
657 2196 819 2259 Johannes
841 2194 928 2258 filius
952 2197 1030 2258 Bole
1055 2197 1087 2259 in
1112 2196 1275 2279 presencia
1300 2194 1417 2278 judicis
1445 2197 1501 2258 Jo-

232 2305 372 2367 hannem
397 2303 586 2382 verberavit,
603 2302 677 2364 ideo
699 2303 765 2384 ipse
790 2301 951 2364 Johannee
974 2301 1059 2364 filius
1083 2302 1161 2365 Bole
1187 2302 1218 2364 in
1243 2302 1355 2364 decent
1380 2302 1495 2364 marcis

234 2425 279 2473 est
311 2410 494 2486 convictus;
526 2409 592 2492 ipse
624 2423 731 2472 autem
762 2407 925 2471 Johannes
956 2408 1073 2470 dictam
1110 2427 1238 2471 causam
1273 2408 1313 2470 ad
1344 2409 1499 2491 antiquos

234 2517 356 2599 judices
380 2515 563 2599 appellavit.

419 2875 515 2949 Feria
543 2884 640 2948 sexta
669 2879 823 2966 proxima
851 2883 928 2948 onte
957 2876 1155 2948 dominicam
1183 2877 1314 2967 Judiea.

344 3046 421 3108 Item
447 3092 455 3107 .
481 3091 487 3106 .
512 3044 597 3106 filius
621 3044 729 3106 Mathe
754 3045 919 3107 Anthonio
952 3045 1051 3106 Renis
1075 3045 1161 3107 dicto
1193 3064 1295 3126 usque
1318 3044 1501 3126 quindenas

236 3152 331 3215 debet
354 3151 479 3214 solvere
504 3163 642 3231 quatuor
666 3149 734 3212 flor.
760 3150 827 3212 auri
853 3163 884 3212 et
908 3150 1020 3213 decem
1044 3150 1203 3214 denarios.

340 3257 419 3320 item
444 3306 451 3319 .
477 3305 484 3318 .
509 3255 639 3338 sellipar
673 3270 781 3318 contra
821 3257 981 3319 Briccium
1018 3238 1205 3340 aelliparum
1240 3258 1346 3340 primo
1385 3258 1502 3321 citatus

236 3383 301 3425 non
327 3362 517 3446 comparuit.

342 3470 419 3532 Item
444 3469 518 3551 quia
544 3468 686 3530 luaniam
704 3469 873 3531 mulierem
891 3468 971 3530 Kele
995 3471 1184 3548 verberavit,
1209 3469 1283 3531 ideo
1308 3470 1373 3552 ipse
1391 3470 1497 3533 eidem

237 3576 345 3638 luanie
370 3595 471 3656 usque
497 3573 677 3655 quindenas
701 3575 845 3657 quinque
870 3594 991 3637 marcas
1015 3576 1138 3637 solvere
1163 3576 1267 3638 debet.

344 3682 422 3744 Item
447 3680 609 3743 iohannes
640 3681 785 3743 literatus
817 3679 904 3742 Renf
933 3701 1035 3764 usque
1067 3682 1246 3763 quindenas
1281 3697 1354 3746 octo
1378 3702 1500 3746 marcae

236 3787 362 3851 solvere
387 3786 490 3850 debet.

343 3892 420 3954 Item
446 3939 479 3956 ..
504 3905 614 3955 contra
638 3894 702 3955 Res
726 3893 830 3976 primo
854 3894 969 3957 citatus
992 3915 1057 3956 non
1082 3894 1271 3976 comparuit.

342 3999 419 4061 Item
444 4018 538 4061 causa
562 4000 719 4063 Anthonii
744 4013 853 4063 contra
879 4002 989 4063 Maren
1013 4000 1053 4063 ad
1069 4014 1143 4063 octo
1161 4000 1230 4062 dies
1255 4013 1302 4062 est
1317 4016 1500 4084 prorogata.

342 4105 420 4167 Item
444 4126 538 4168 cauea
563 4106 715 4189 Stephani
741 4107 882 4169 salirene
907 4123 1017 4170 contra
1036 4107 1244 4170 Lourandum
1268 4108 1309 4170 ad
1334 4123 1406 4171 octo
1431 4110 1502 4173 dieo

234 4225 283 4274 est
306 4228 487 4294 prorogata.
1503 4201 1506 4206 ’

342 4318 420 4380 Item
452 4318 615 4382 Johannes
646 4334 755 4381 contra
790 4319 978 4381 Malsicham
1011 4319 1179 4382 mulierem
1220 4337 1334 4385 octavo
1366 4322 1419 4385 die
1450 4341 1500 4384 re·

235 4424 418 4506 apondebit.

342 4530 420 4593 Item
440 4531 610 4615 Gyaninus
634 4530 755 4613 juratus
771 4547 880 4594 contra
907 4534 1049 4595 Marcum
1067 4549 1182 4597 octavo
1203 4535 1255 4597 die
1279 4534 1500 4617 respondebit.

342 4635 420 4699 Item
446 4656 540 4699 causa
563 4637 703 4722 Philippi
735 4652 846 4701 contra
877 4638 1057 4701 Johannem
1089 4640 1192 4703 filiurn
1218 4641 1336 4704 Donati
1360 4641 1400 4703 ad
1424 4653 1499 4704 octo

236 4736 305 4803 dieo
328 4755 375 4804 eat
398 4755 580 4825 prorogata.
