3472 5234
241 308 298 369 126
650 308 735 365 Anno
760 303 851 383 1378.
877 339 918 350 -
940 316 969 382 7.
993 307 1071 367 mart.

235 521 319 581 idem
347 518 500 602 Gyurgelr
525 518 664 580 eundem
683 517 827 600 Filipum
848 530 880 578 et
902 537 959 579 aua
976 537 1055 579 uxor
1078 517 1288 581 reddiderunt
1312 519 1498 601 expeditum

234 639 265 687 et
289 644 345 707 per
369 626 478 686 omnia
502 624 696 686 absolutum.

344 733 422 793 ltem
440 731 558 792 Paulus
572 728 711 792 carnifex
724 743 834 791 contra
848 729 969 789 Lucam
979 728 1084 811 primo
1097 729 1210 791 citatus
1228 749 1293 791 non
1310 731 1500 812 comparuit.

340 838 416 900 Item
442 837 609 918 Philippus
633 849 744 896 contra
769 836 837 896 Kus
858 847 973 898 octavo
998 835 1049 897 die
1073 835 1290 917 respondebit.

340 945 419 1006 Item
443 942 590 1025 Mychael
615 954 724 1004 contra
748 940 911 1003 Andream
936 955 1050 1003 octavo
1074 941 1127 1002 die
1149 941 1368 1023 respondebit.

340 1050 418 1112 ltem
443 1049 624 1131 Stephanus
648 1061 762 1109 octavo
780 1047 832 1108 die
853 1067 886 1109 se
910 1047 1027 1110 tercius
1043 1046 1160 1126 jurabit
1184 1060 1294 1109 contra
1321 1047 1499 1129 Georgium

233 1155 373 1238 juratum
398 1155 506 1234 ineo,
531 1153 620 1236 quod
644 1154 711 1235 ipse
735 1172 829 1214 suum
854 1153 970 1215 bovem
995 1153 1175 1215 voluntarie
1199 1172 1266 1214 non
1291 1151 1500 1216 interfecisset

234 1274 265 1322 et
287 1275 424 1324 statuere
449 1261 504 1342 qui
529 1258 659 1321 luerunt
683 1259 715 1320 in
740 1258 962 1321 aldomasione
985 1259 1123 1340 qualiter
1146 1271 1275 1341 pactum
1300 1257 1454 1322 lecerunt.

339 1367 418 1430 ltem
441 1367 506 1429 Res
528 1378 639 1444 contra
664 1364 829 1426 Geuinum
852 1364 952 1426 tercio
976 1365 1088 1426 citatus
1112 1383 1177 1426 non
1202 1366 1391 1446 comparuit.

340 1474 419 1535 ltem
444 1471 604 1554 Georgius
628 1471 845 1552 carpentarius
869 1484 983 1533 octavo
1000 1470 1053 1532 die
1076 1490 1109 1533 se
1126 1484 1232 1532 sextus
1255 1471 1373 1553 jurabit
1397 1472 1429 1533 in
1447 1492 1498 1552 eo,

233 1579 323 1660 quod
348 1580 415 1661 ipse
439 1577 552 1640 falsam
576 1577 716 1640 mediam
740 1577 849 1639 eubuli
875 1595 941 1638 non
958 1577 1160 1652 asseruisset3
1177 1576 1245 1658 ipse
1263 1590 1371 1640 autem
1396 1577 1498 1642 Geor·

233 1685 305 1765 gius
330 1686 432 1767 ipsam
456 1703 585 1746 causam
610 1683 651 1745 ad
674 1683 825 1764 antiquos
847 1682 969 1764 judices
996 1681 1181 1764 appellavit,
1205 1683 1281 1763 quia
1304 1682 1401 1763 judex
1424 1704 1498 1747 cum

234 1810 300 1854 uno
325 1805 403 1854 teste
428 1791 584 1868 atestavit,
608 1789 769 1851 secundus
791 1802 899 1851 autem
926 1788 1025 1851 nichil
1048 1789 1127 1851 scire
1150 1808 1182 1851 se
1207 1789 1369 1870 allegavit.

340 1897 419 1959 ltem
443 1896 597 1958 Nicolaus
621 1894 706 1957 filius
729 1895 856 1958 Nicolai
884 1894 1008 1976 justicie
1040 1895 1157 1977 paruit,
1182 1899 1275 1957 Anna
1300 1909 1407 1958 autem
1431 1915 1498 1959 non

233 2003 322 2065 venit
345 2021 450 2084 neque
474 2002 560 2063 misit
584 2001 713 2063 racione
737 2001 904 2063 cuiusdam
928 2000 1093 2063 bitulonis.

340 2107 418 2169 Item
451 2108 608 2168 Martinus
640 2105 810 2187 Zequirich
842 2121 951 2168 contra
982 2106 1183 2190 Mychaelem
1215 2108 1318 2170 Reniz
1352 2109 1497 2171 secundo

232 2214 346 2276 citatus
369 2233 435 2274 non
462 2213 652 2295 comparuit.

336 2320 413 2383 ltem
439 2339 532 2382 causa
550 2318 669 2382 Genini
686 2332 717 2380 et
740 2319 804 2380 Res
827 2332 874 2380 est
890 2338 947 2400 per
963 2321 1132 2381 Marenum
1157 2332 1188 2382 et
1204 2321 1228 2382 F
1232 2321 1350 2383 rancha
1373 2320 1496 2403 judices

230 2425 271 2487 ad
295 2440 368 2488 octo
392 2426 460 2488 dies
483 2439 608 2507 recepta
633 2424 674 2486 ad
698 2443 821 2506 pacem.

336 2532 414 2593 ltem
439 2531 613 2594 Sunhanch
637 2530 784 2592 atestavit
806 2530 953 2612 deposito
975 2530 1166 2611 juramento,
1191 2531 1279 2613 quod
1304 2532 1365 2593 sibi
1390 2532 1496 2593 Rena·

230 2637 460 2700 riusdedisset
482 2637 601 2698 XXXII
625 2656 754 2719 grossos
775 2655 832 2718 pro
865 2651 991 2716 mutuo,
1016 2656 1073 2718 pro
1098 2637 1216 2718 quibus
1239 2637 1300 2699 sibi
1325 2637 1415 2700 dedit
1438 2638 1497 2700 llo·

231 2763 345 2806 renum
370 2745 402 2805 in
427 2764 505 2805 auro
530 2743 569 2805 ad
595 2762 734 2805 usuram.

309 2960 407 3034 Faria
435 2972 531 3034 sexta
560 2964 714 3051 proxima
741 2970 817 3052 post
856 2962 978 3033 festam
1007 2964 1115 3034 sancti
1144 2962 1311 3052 Johannis
1339 2970 1417 3035 ante

705 3097 839 3173 portam
869 3085 1019 3156 latinam.

778 3238 819 3313 (7.
850 3236 946 3309 mau-

334 3376 443 3437 Primo
474 3396 568 3438 causa
601 3376 733 3458 Georgii
758 3376 910 3460 lrenipari
947 3392 977 3439 et
1001 3377 1121 3439 Vrbani
1153 3389 1200 3438 est
1231 3397 1287 3459 per
1319 3376 1494 3441 Bedicham

228 3481 409 3546 carnificem
433 3481 474 3545 ad
499 3496 572 3549 octo
596 3482 665 3544 dies
688 3497 813 3565 recepta
839 3483 879 3544 ad
903 3503 1026 3566 pacem.

334 3587 411 3648 ltem
438 3587 560 3669 Symon
585 3587 724 3648 carnifex
748 3588 826 3651 feria
846 3590 942 3650 tercia
968 3603 1076 3650 contra
1095 3587 1272 3669 Georgium
1297 3608 1393 3650 suum
1411 3608 1493 3651 mer·

228 3693 393 3754 cenarium
416 3693 563 3756 atestabit
580 3713 636 3775 per
661 3695 823 3757 Prizoram
840 3695 1021 3773 mulierem,
1042 3695 1170 3757 Petrum
1189 3707 1219 3757 et
1236 3693 1379 3756 Blasium
1396 3713 1493 3776 super

228 3817 286 3877 eo,
319 3798 406 3878 quod
444 3797 529 3860 idem
559 3798 718 3880 Georgius
753 3821 829 3862 suus
864 3799 1078 3862 mercenarius
1116 3800 1155 3860 sit
1193 3813 1224 3861 et
1262 3801 1375 3862 existat
1417 3819 1493 3862 con·

228 3901 408 3965 dicionalis.
724 3987 726 3992 A

218 4077 223 4093 ἃ
333 4008 411 4070 ltem
430 4027 524 4069 causa
542 4009 642 4088 luani,
666 4009 760 4073 lofan
785 4026 816 4074 et
834 4012 980 4094 Dyonisii
1004 4011 1120 4072 sutoris
1137 4024 1183 4072 est
1206 4030 1262 4092 per
1288 4009 1491 4072 Anthonium

227 4126 368 4173 sutorem
393 4127 424 4174 et
449 4114 648 4196 Stephanum
672 4117 712 4177 ad
735 4132 808 4179 octo
833 4118 901 4178 dies
925 4129 1051 4198 recepta
1075 4115 1115 4177 ad
1140 4136 1262 4197 pacem.
1405 4181 1406 4186 ,

336 4219 414 4279 ltem
438 4239 532 4281 causa
558 4221 653 4282 Blasii
676 4237 706 4283 et
739 4222 893 4305 Stephani
924 4237 970 4283 est
1001 4241 1056 4303 per
1088 4222 1287 4304 Stephanum
1313 4237 1344 4286 et
1369 4222 1492 4304 Grego-

228 4323 311 4383 rium
336 4324 376 4384 ad
400 4339 474 4386 octo
498 4326 567 4387 dies
589 4341 714 4408 recepta
738 4328 777 4389 ad
803 4347 924 4408 pacem.

334 4429 412 4490 ltem
437 4450 530 4493 causa
556 4432 652 4495 luane
673 4434 818 4520 mulieris
840 4447 871 4495 et
889 4432 1042 4514 Stephani
1059 4431 1246 4512 joculatoris
1271 4447 1317 4496 est
1342 4455 1399 4517 per
1413 4435 1493 4497 Bru·

226 4551 301 4593 men
326 4547 356 4594 et
380 4535 578 4617 Stephanum
602 4538 642 4598 ad
667 4552 740 4600 octo
764 4539 833 4600 dies
857 4551 982 4620 recepta
1007 4539 1047 4600 ad
1072 4558 1196 4619 pacem.

331 4639 409 4702 ltem
434 4641 585 4704 dominus
608 4644 707 4705 abbas
739 4658 852 4706 octavo
886 4643 938 4704 die
969 4663 1064 4726 super
1095 4645 1237 4726 quadam
1262 4660 1346 4708 terra
1378 4647 1492 4709 arabili

225 4740 295 4822 jura
318 4744 343 4806 ai
369 4765 432 4826 qua
455 4746 603 4810 habuerit
625 4749 791 4830 producet.
