3472 5234
213 318 275 378 268
587 322 672 378 Anno
695 317 789 396 1386.
814 355 857 364 —
878 334 907 397 7.
932 323 1089 383 decembris.

318 530 394 592 Item
420 531 506 592 idem
539 531 702 593 Iohannes
736 532 882 593 sImiliter
913 532 1001 593 solus
1032 552 1128 613 super
1160 553 1198 595 eo
1230 533 1357 613 jurabit,
1390 535 1477 614 quod

212 635 280 716 ipse
304 637 350 696 nil
376 637 447 718 plus
472 637 510 697 de
536 638 678 718 quodam
704 638 780 698 vino
805 651 909 719 preter
932 657 986 698 sex
1017 657 1139 699 marcas
1163 639 1370 703 tabernasset.

318 743 396 804 Item
429 743 515 806 idem
540 743 703 805 Iohannes
726 744 872 805 similiter
904 743 992 805 solus
1016 757 1130 806 octavo
1162 744 1214 805 die
1239 764 1311 805 cum
1338 745 1477 825 quadam

212 850 359 932 pecunia,
385 850 473 930 quod
498 864 544 911 est
567 850 599 911 in
624 849 748 911 duabus
774 850 864 928 dicis,
888 850 1015 911 debitor
1039 869 1104 911 non
1130 864 1221 912 esset.

318 955 397 1016 Item
422 955 509 1017 idem
533 954 695 1036 Georgius
718 969 832 1017 octavo
857 955 909 1017 die
941 955 1029 1017 solus
1052 974 1148 1037 super
1173 974 1212 1016 eo
1236 954 1364 1036 jurabit,
1390 955 1477 1036 quod

212 1062 278 1143 ipse
306 1080 371 1122 uon
396 1061 469 1143 plus
493 1062 532 1122 de
558 1062 700 1142 quodam
722 1062 799 1122 vino
822 1075 927 1142 preter
944 1061 1155 1141 quadraginta
1180 1060 1259 1121 duas
1285 1080 1406 1122 marcas
1430 1080 1477 1122 re·

211 1167 355 1249 cepisset.

319 1275 397 1337 Item
423 1275 520 1337 iidem
545 1277 642 1337 ambo
666 1273 828 1336 defectum
851 1274 975 1335 solvere
1000 1274 1127 1336 debent.

317 1492 415 1566 Feria
440 1503 538 1565 sexta
567 1500 645 1564 ante
673 1493 796 1565 festum
825 1493 1059 1583 conceperam
1088 1495 1185 1566 beate
1216 1496 1368 1583 virginis.

723 1647 764 1723 (7.
788 1644 966 1724 decembris).

319 1788 399 1850 Item
424 1786 584 1869 Georgius
607 1785 686 1867 vigil
711 1800 742 1847 et
766 1787 907 1848 Briccius
938 1768 1049 1848 contra
1076 1788 1142 1849 Juri
1168 1787 1273 1869 prImo
1299 1787 1385 1848 citati
1411 1805 1476 1847 non

213 1908 473 1977 comparuerunt.

318 1999 395 2060 Item
425 2019 518 2060 causa
544 1998 668 2059 Mareni
686 2012 796 2059 contra
820 1998 954 2059 voschar
971 1998 1011 2059 ad
1036 1998 1176 2080 primum
1193 1997 1350 2079 judicium
1376 2016 1476 2078 usque

212 2107 252 2168 ad
277 2107 452 2167 adventum
477 2105 552 2166 dicti
578 2105 700 2166 Mareni
726 2118 772 2165 est
795 2117 977 2185 prorogata.

320 2213 399 2273 Item
434 2230 528 2272 causa
558 2209 716 2271 Anthonii
749 2209 864 2271 literati
896 2224 1005 2271 contra
1039 2210 1191 2291 Egidium
1223 2208 1424 2270 sacerdotem
1447 2221 1477 2269 et

212 2319 348 2380 Paulum
375 2337 477 2399 usque
501 2331 575 2378 octo
600 2316 668 2376 dies
693 2329 739 2377 est
762 2330 943 2396 prorogata.

318 2424 398 2487 Item
424 2422 604 2505 Stephanus
628 2434 729 2483 sartor
753 2435 864 2482 contra
888 2420 997 2483 Mathe
1026 2422 1131 2503 prImo
1163 2421 1275 2482 citatus
1299 2441 1364 2482 non
1390 2439 1477 2481 com·

211 2545 327 2614 paruit.

318 2636 397 2698 Item
429 2634 561 2717 Jursych
587 2648 698 2697 contra
723 2633 838 2695 Kusilo
862 2633 968 2715 primo
992 2633 1106 2694 citatus
1129 2652 1194 2694 non
1221 2632 1411 2714 comparuit.

318 2742 397 2804 Item
422 2742 509 2822 quod
534 2741 609 2822 quia
634 2742 724 2802 Luka
754 2754 785 2800 et
817 2740 885 2801 eius
915 2738 980 2800 filia
1016 2739 1056 2800 de
1081 2738 1165 2819 Vgra
1197 2737 1418 2799 testimonium
1444 2739 1476 2799 in

211 2848 294 2911 facto
316 2848 482 2910 cuiusdam
516 2847 623 2908 scrinii
651 2860 762 2907 contra
784 2846 1001 2927 DragozIaum
1026 2844 1202 2926 producere
1231 2843 1383 2905 debentes
1411 2862 1475 2904 non

211 2956 432 3038 produxerunt
456 2967 490 3013 ut
515 2953 675 3014 debebant
699 2953 730 3012 in
764 2973 803 3012 eo
831 2952 991 3028 videlicet,
1016 2951 1105 3032 quod
1137 2970 1202 3011 non
1228 2948 1477 3011 testificaverunt

212 3063 292 3122 sicut
317 3061 514 3136 debuerunt,
540 3061 613 3120 ideo
638 3059 697 3139 ipsi
723 3060 813 3119 LuIra
838 3073 868 3119 et
898 3079 953 3119 sua
987 3057 1051 3119 fiIia
1076 3076 1204 3118 causam
1236 3057 1381 3137 ipsorum
1406 3076 1476 3138 per·

212 3167 373 3228 diderunt.
1166 3216 1169 3221 ·

318 3273 395 3332 Item
428 3270 577 3352 Mychael
611 3268 831 3329 stachunarius
863 3283 971 3329 contra
1005 3268 1160 3331 Scitarich
1190 3268 1332 3330 secundo
1364 3269 1476 3329 citatus

211 3398 276 3439 non
306 3377 494 3457 comparuit.

318 3483 393 3542 Item
420 3501 513 3541 causa
538 3480 685 3540 Mauricii
718 3493 827 3540 contra
852 3480 979 3562 Kupich
1010 3501 1111 3562 usque
1143 3494 1216 3543 octo
1241 3482 1309 3542 dies
1334 3495 1380 3542 est
1403 3500 1475 3562 pro·

211 3603 331 3669 rogata.

316 3694 392 3754 Item
418 3692 542 3753 Blasius
567 3691 657 3753 faber
682 3706 790 3754 contra
815 3693 973 3754 Briccium
999 3693 1142 3754 secundo
1167 3694 1280 3754 citatus
1297 3712 1362 3753 non
1388 3711 1474 3753 com·

211 3800 326 3881 paruit.

315 3906 394 3967 Item
413 3906 524 3966 Petrus
544 3905 716 3984 Hungarus
739 3919 850 3966 contra
868 3905 1084 3984 Dragozlaum
1113 3904 1254 3964 secundo
1279 3904 1392 3965 citatus
1411 3923 1474 3964 non

211 4013 401 4092 comparuit.

318 4118 395 4177 Item
421 4117 542 4197 Symon
575 4117 674 4198 pistor
698 4131 808 4177 contra
842 4117 1014 4178 Nicolaum
1043 4117 1245 4198 Lipouschak
1278 4130 1391 4177 octavo
1423 4115 1473 4176 die

212 4222 430 4303 respondebit.

318 4328 396 4388 Item
422 4328 555 4409 Paulym
582 4343 691 4389 contra
717 4327 816 4389 Vorih
841 4329 945 4410 primo
970 4329 1083 4389 citatus
1107 4348 1170 4388 non
1197 4327 1384 4410 comparuit.

317 4433 393 4493 Item
414 4433 520 4494 Mathe
545 4448 654 4494 contra
679 4434 837 4495 Wrouich
862 4434 966 4515 primo
999 4435 1111 4496 citatus
1135 4454 1200 4495 non
1225 4433 1413 4514 comparuit.

318 4536 394 4598 Item
421 4558 514 4599 causa
540 4539 693 4600 Iohannis
725 4538 782 4601 filii
807 4539 886 4600 Bole
922 4554 1032 4600 eontra
1057 4541 1150 4621 Piper
1183 4559 1283 4620 usque
1309 4553 1381 4600 octo
1406 4538 1475 4598 dies

210 4656 256 4703 est
279 4658 449 4723 prorogata
474 4664 512 4705 eo
530 4645 639 4723 modo,
665 4646 752 4726 quod
774 4646 840 4706 sive
864 4645 1059 4727 veniat‘ipse
1076 4646 1183 4707 Mathe
1201 4646 1267 4706 sive
1285 4665 1348 4705 non
1366 4659 1473 4705 tamen

209 4747 366 4828 justiciam
395 4748 557 4813 iaciemus.
