3472 5234
643 296 729 352 Anno
752 305 837 371 1377.
862 329 902 338 —
925 291 978 355 28.
1002 295 1118 370 aprilis.

251 504 339 586 quod
357 523 561 586 quecumque
579 503 727 587 dampna,
738 505 916 587 perciperet
931 506 1049 567 tenutis
1066 506 1227 569 Thetonie
1252 508 1405 570 Nicolaus
1428 508 1513 571 filius

250 608 376 672 Crisani
400 610 598 693 promisisset
621 625 818 693 supportare,
846 611 923 673 dum
949 612 981 672 in
1005 612 1130 695 nupciis
1154 614 1337 677 extitissent.

356 716 435 778 Item
460 716 642 799 Stephanus
665 715 758 779 Cifus
782 730 891 779 contra
923 719 1054 780 Petrum
1077 732 1231 781 sartorem
1265 720 1370 803 prImo
1393 720 1514 801 judicio

250 821 458 904 respondebit
480 835 553 904 post
575 842 669 884 suum
694 822 869 885 adventum
894 823 933 885 de
958 825 1121 888 nundInis.

355 928 433 990 Item
458 929 596 990 Iacobus
620 928 750 1010 pellifex
775 943 884 992 contra
909 929 995 1012 Span
1020 945 1135 993 octavo
1159 930 1211 992 die
1235 932 1453 1012 respondebit.

352 1035 430 1096 Item
456 1036 559 1096 Lucas
581 1033 714 1117 pellifex
738 1048 848 1097 contra
866 1036 1043 1117 Georgium
1067 1037 1207 1120 juratum
1231 1038 1374 1099 secundo
1399 1039 1512 1101 citatus

247 1159 312 1201 non
337 1140 527 1223 comparuit.

354 1247 432 1310 Item
457 1246 583 1329 Cupich
608 1261 718 1309 contra
742 1247 921 1309 Iohannem
947 1248 1044 1310 Liber
1068 1249 1173 1331 primo
1197 1249 1312 1312 citatus
1334 1269 1399 1312 non
1423 1271 1511 1313 com·

249 1355 366 1435 paruit.

353 1459 432 1521 Item
463 1459 627 1538 Donatus,
659 1459 812 1521 Nicolaus
844 1459 990 1523 Odolasii
1028 1475 1059 1525 et
1090 1461 1168 1523 Iuan
1200 1477 1310 1525 contra
1341 1464 1512 1527 Nicolaum

244 1562 347 1627 filium
373 1565 500 1628 Crisani
525 1565 666 1626 secundo
687 1565 773 1627 citati
798 1585 863 1627 non
888 1580 1146 1648 comparuerunt.

350 1672 428 1734 Item
453 1671 590 1734 MathIas
622 1686 731 1733 contra
763 1672 983 1735 Alexandrum
1014 1675 1156 1735 secundo
1182 1674 1296 1737 citatus
1331 1695 1397 1737 non
1422 1696 1509 1739 com·

243 1777 359 1860 paruit.

350 1884 429 1946 Item
453 1883 578 1946 Blasius
609 1882 748 1945 famulus
780 1883 904 1945 domini
937 1884 1055 1947 Donati
1088 1884 1225 1946 condam
1256 1885 1372 1966 judicis
1395 1900 1506 1952 contra

243 1989 348 2051 Viden
373 1989 510 2070 fabrum,
535 2005 623 2052 actor
645 1991 791 2069 existens,
817 2010 881 2052 non
907 1991 1088 2074 comparuit
1111 2011 1216 2074 neque
1241 1993 1337 2055 misit.

348 2096 427 2158 Item
452 2095 591 2158 Iacobus
621 2095 752 2178 pellifex
784 2097 920 2158 MIcusio
952 2098 1090 2159 condam
1120 2096 1218 2178 judici
1244 2099 1276 2159 in
1301 2096 1382 2161 festo
1405 2101 1506 2162 sancti

242 2201 418 2286 Mychaelis
440 2201 623 2283 archangeli
648 2222 733 2263 nunc
757 2203 902 2284 proxime
926 2216 1061 2265 venturo
1085 2204 1113 2264 X
1138 2223 1260 2265 marcas
1285 2205 1437 2268 exsolvet.

348 2309 426 2370 Item
451 2308 602 2389 magister
627 2308 738 2369 Petrus
761 2306 846 2369 filius
863 2309 992 2370 Martini
1017 2308 1135 2390 jurabit
1159 2310 1191 2371 iu
1216 2310 1389 2392 quindenis
1412 2333 1508 2395 super

240 2415 382 2498 dampno
406 2434 462 2496 per
486 2434 561 2476 suos
583 2414 798 2475 mercenarios
821 2413 923 2493 illato,
957 2415 1011 2476 ubi
1036 2415 1138 2476 eciam
1170 2415 1210 2477 de
1235 2416 1307 2478 aliis
1330 2417 1391 2479 sibi
1415 2417 1505 2498 justi·

240 2521 322 2584 ciam
347 2521 571 2604 inpendemus.

343 2625 420 2688 Item
445 2627 597 2689 Nicolaus
621 2626 745 2689 Crisani
770 2627 802 2688 in
827 2625 1000 2708 quindenis
1031 2626 1217 2688 Alexandro
1247 2648 1305 2710 pro
1330 2649 1390 2690 suo
1414 2649 1500 2712 equo

239 2746 312 2796 octo
336 2753 458 2794 marcas
483 2732 689 2795 denariorum
715 2733 868 2795 exsolvet.

343 2839 422 2900 Item
447 2840 597 2903 Marenus
629 2854 738 2902 contra
770 2839 954 2901 Forkonem
987 2837 1027 2900 de
1052 2838 1207 2921 Lypouch
1240 2852 1354 2902 octavo
1379 2840 1431 2903 die
1454 2840 1502 2922 ju·

237 2945 319 3007 rabit
343 2945 375 3006 iu
400 2964 450 3025 eo,
475 2945 563 3027 quod
587 2945 648 3007 sibi
674 2945 800 3006 duobus
825 2944 955 3006 florenis
979 2945 1048 3005 auri
1072 2963 1138 3005 non
1161 2957 1332 3007 teneretur.

343 3050 421 3112 Item
440 3051 529 3112 Hans
561 3051 613 3113 die
646 3066 761 3114 octavo
793 3071 826 3112 se
858 3049 1017 3112 secundus
1039 3049 1159 3131 jurabit
1189 3051 1221 3112 in
1248 3070 1298 3130 eo,
1323 3052 1411 3132 quod
1436 3052 1503 3136 ipse

237 3156 365 3220 cuidam
389 3156 514 3219 homini
539 3177 656 3220 novem
681 3158 784 3220 stariis
807 3156 882 3218 salis
906 3176 971 3218 non
997 3170 1168 3219 teneretur.

342 3264 420 3326 Item
446 3263 478 3325 in
503 3264 677 3346 quindenis
703 3263 879 3345 Gregorius
912 3263 1085 3324 Dominico
1117 3276 1256 3345 quatuor
1279 3266 1350 3328 flor.
1374 3267 1443 3327 auri
1470 3280 1502 3329 et

236 3389 333 3433 unam
358 3389 498 3432 marcam
523 3369 729 3432 denariorum
754 3369 905 3433 exsolvet.

342 3475 419 3538 Item
444 3475 624 3558 Stephanus
649 3477 744 3537 Pasar
768 3489 876 3537 contra
895 3475 1080 3537 Ladislaum
1097 3475 1237 3558 juratum
1254 3477 1360 3559 primo
1385 3478 1500 3541 citatus

236 3602 300 3645 non
326 3583 516 3664 comparuit.

339 3688 419 3751 Item
443 3689 572 3771 Dragoy
589 3701 698 3750 contra
722 3687 807 3750 Iwan
832 3701 946 3749 octavo
969 3687 1021 3749 die
1037 3687 1154 3770 jurabit
1178 3689 1306 3751 racione
1330 3689 1498 3753 cuiusdam

235 3794 425 3857 molendini

340 3900 418 3963 Item
443 3899 625 3962 Anthonius
648 3913 737 3961 sutor
760 3912 869 3962 contra
899 3898 1092 3980 Gregorium
1125 3899 1269 3962 secundo
1293 3901 1406 3963 citatus
1431 3921 1497 3964 non

234 4007 424 4090 comparuit.

340 4113 419 4175 Item
444 4111 587 4173 Francha
612 4125 722 4174 contra
742 4111 942 4192 Stephanum
959 4111 1109 4193 Chupina
1133 4111 1174 4173 ad
1197 4112 1414 4193 juramentum
1431 4134 1497 4176 non

234 4219 333 4298 venit,
358 4231 392 4280 ut
406 4218 601 4299 ubicumque
619 4232 761 4300 repertus
778 4216 884 4298 fuerit,
901 4217 1025 4300 justicie
1042 4215 1197 4279 faciemus
1210 4218 1496 4300 complementum.

339 4324 416 4385 Item
441 4323 560 4385 Paulus
591 4337 622 4385 et
653 4324 799 4385 Thomas
831 4324 1017 4385 mercenarii
1048 4323 1191 4405 magistri
1223 4324 1306 4385 Petri
1332 4324 1371 4386 de
1405 4326 1496 4387 Cheh

233 4428 352 4494 debent
374 4450 495 4492 annum
519 4431 680 4513 complere
704 4430 881 4492 secundum
904 4430 1160 4492 convencionem
1184 4430 1338 4512 ipsorum.

339 4536 415 4598 Item
441 4536 548 4599 Mathe
572 4551 682 4597 contra
706 4537 906 4619 Stephanum
922 4550 1037 4597 octavo
1061 4535 1111 4596 die
1136 4556 1168 4597 se
1193 4549 1299 4597 sextus
1321 4535 1438 4617 jurabit
1462 4536 1494 4597 in

233 4661 284 4721 eo,
307 4642 395 4724 quod
420 4643 583 4724 ipsesuas
607 4661 656 4703 res
679 4662 745 4704 non
770 4641 932 4706 furaverit.

338 4747 417 4810 Item
441 4747 594 4810 Clemens
618 4760 649 4808 et
674 4747 843 4829 Georgius.
