3472 5234
618 325 819 405 Ann01378.
845 361 885 371 —·
911 341 956 404 17.
980 329 1153 402 septembris.

360 540 437 601 Item
462 539 644 601 Anthonius
661 539 781 619 juratus
796 553 905 601 contra
926 539 1077 601 Tadeum
1094 553 1208 601 octavo
1225 539 1277 600 die
1303 551 1368 600 met
1384 539 1515 620 quintus

254 645 371 726 jurabit
396 646 426 706 in
460 665 510 722 eo,
542 645 629 726 quod
653 645 713 707 sibi
745 664 798 705 sex
828 645 942 707 marcis
973 646 1179 707 denariorum
1210 657 1389 720 teneretur;
1414 644 1515 727 ipsam

254 763 360 812 autem
387 770 514 812 causam
539 752 625 812 idem
650 751 781 812 Tadeos
805 750 844 812 ad
865 752 1015 833 antiquos
1038 751 1161 831 judices
1184 750 1368 832 appellavit.

360 857 439 918 Item
461 857 622 938 predictus
646 857 760 918 Tadeo
784 857 889 918 eidem
907 857 1075 919 Anthonio
1095 877 1148 918 sex
1172 876 1287 939 pensas
1310 855 1516 917 denariorum

254 964 285 1025 in
312 963 486 1045 quindenis
511 964 662 1042 exsolvet,
687 984 767 1045 quas
790 964 877 1025 solus
904 963 1061 1025 sfirmavit
1084 977 1115 1025 et
1139 984 1204 1025 non
1229 963 1367 1045 negavit.

320 1203 464 1273 Sabbato
494 1205 646 1291 proximo
675 1210 753 1274 ante
781 1202 903 1274 festum
932 1200 1160 1273 Exaltacionis
1188 1208 1305 1272 sancte
1333 1200 1454 1271 crucis.

606 1372 790 1446 ddjudicacio
811 1375 937 1446 judicum
960 1375 1152 1445 antiquorum.

745 1530 805 1612 (11.
837 1531 1017 1606 septembris).

360 1690 469 1751 Primo
494 1689 609 1752 Tadeo
633 1705 748 1751 octavo
780 1690 832 1752 die
854 1703 963 1751 contra
996 1690 1196 1752 Anthonium
1228 1690 1366 1771 juratum
1399 1688 1516 1769 jurabit

255 1811 320 1857 met
343 1796 504 1857 secundus
526 1816 622 1877 super
646 1815 696 1872 eo,
720 1795 808 1877 quod
834 1796 900 1878 ipse
924 1797 997 1878 plus
1021 1797 1060 1857 de
1079 1797 1148 1878 ipso
1172 1816 1236 1857 non
1262 1796 1431 1876 recepisset
1456 1794 1516 1855 nisi

255 1916 411 1982 quantum
436 1915 497 1963 stat
521 1902 553 1962 in
569 1921 627 1963 suo
652 1902 782 1982 legistro
800 1902 831 1963 In
850 1916 955 1964 nostra
980 1903 1143 1984 presencia
1161 1915 1300 1978 ostenso,
1318 1915 1512 1982 peractoque

254 2006 434 2085 juramento
458 2027 511 2069 sex
527 2027 642 2089 pensas
666 2023 697 2069 et
714 2022 852 2088 quatuor
875 2008 1023 2073 denarIos
1044 2008 1147 2069 eidem
1165 2008 1331 2069 Anthonio
1355 2007 1517 2082 exsolvet;

255 2112 386 2193 ipseque
401 2112 583 2174 Anthonius
592 2112 707 2193 jurabit
717 2114 831 2175 eodem
844 2113 897 2175 die
910 2114 997 2194 quod
1009 2114 1093 2175 idem
1106 2114 1219 2175 Tndeo
1233 2114 1292 2175 sibi
1307 2113 1515 2195 duassperlas

254 2237 312 2300 pro
337 2238 403 2280 uno
429 2233 459 2279 et
482 2219 590 2280 medio
623 2219 746 2281 floreno
778 2220 927 2298 dedisset,
953 2233 982 2281 et
1014 2239 1079 2281 non
1104 2240 1161 2302 pro
1193 2220 1338 2302 pluribus
1361 2219 1511 2296 denariis,

254 2337 285 2386 et
308 2324 413 2386 eidem
431 2325 544 2386 Tadeo
566 2340 627 2386 tres
645 2339 675 2392 et
692 2325 830 2387 mediam
848 2346 961 2408 penses
980 2326 1185 2388 denariorum
1203 2327 1323 2388 ibidem
1343 2325 1512 2407 persolvet.

272 2561 368 2635 Feria
396 2581 494 2634 sexta
530 2567 685 2652 proxima
712 2572 788 2652 post
815 2563 938 2635 festum
972 2562 1203 2636 Exaltacionis
1231 2572 1348 2635 sancte
1377 2565 1498 2635 crucis.

755 2721 817 2795 (17.
842 2718 1022 2794 septembres).

361 2856 470 2917 Primo
495 2855 664 2918 Chuethna
690 2857 834 2918 servitrix
860 2857 987 2919 Andree
1021 2857 1132 2918 decani
1158 2871 1267 2918 contra
1292 2857 1460 2924 Marenum
1484 2874 1517 2916 se

253 2983 312 3025 suo
337 2962 516 3043 juramento
541 2977 575 3023 ut
599 2963 710 3023 debuit
735 2964 930 3044 expurgavit.

361 3068 439 3130 Item
464 3088 556 3129 causa
591 3068 716 3129 Nicolai
748 3067 805 3129 filii
835 3068 964 3149 AngeIi‚
998 3069 1084 3129 Luce
1109 3084 1140 3129 et
1171 3068 1294 3130 domini
1321 3067 1439 3149 Filippi
1472 3081 1519 3128 est

254 3193 311 3254 per
335 3174 490 3234 Jacobum
515 3174 594 3234 BoIe
620 3173 659 3234 ad
683 3174 824 3254 prImum
849 3173 1003 3252 judicium
1031 3189 1102 3255 post
1125 3174 1322 3235 vindemiam
1346 3185 1517 3256 prorogata

255 3294 284 3340 et
309 3293 434 3360 recepta
458 3279 497 3340 ad
522 3298 645 3360 pacem.

361 3385 438 3447 Item
463 3385 614 3446 domiuus
638 3384 785 3468 Mycheel
803 3385 960 3467 plebanus
977 3386 1076 3446 sancti
1095 3385 1249 3446 iohannis
1266 3384 1305 3445 de
1332 3386 1424 3446 Nova
1441 3384 1516 3445 viIIa

256 3492 287 3551 in
312 3510 448 3572 persona
473 3490 598 3552 Nicolai
623 3490 680 3551 filii
714 3491 872 3572 Gregorii,
905 3491 1059 3552 Iohannis
1091 3506 1123 3553 et
1148 3492 1275 3555 Martini
1309 3512 1343 3552 ac
1369 3491 1518 3571 magister

255 3598 366 3660 Petrus
391 3598 430 3659 de
455 3596 547 3659 Cheh
572 3598 604 3658 in
629 3598 774 3678 personis
805 3596 945 3658 filiorum
978 3598 1116 3658 condam
1148 3598 1254 3678 Egidii
1286 3613 1316 3659 et
1341 3597 1420 3659 Justi
1445 3616 1517 3678 pro·

255 3702 426 3766 hibuerunt
451 3702 587 3764 Matthias
611 3702 714 3764 filium
732 3706 872 3786 orosnyk
896 3722 913 3763 a
937 3703 1127 3764 vendicione
1152 3719 1183 3766 et
1199 3704 1280 3765 alios
1306 3704 1467 3785 quoslibet
1483 3722 1516 3763 se

255 3810 496 3871 intromissione
539 3809 578 3870 de
610 3810 748 3890 quadam
789 3810 887 3874 domo
926 3809 1063 3871 condam
1106 3810 1196 3871 Pauli
1233 3809 1414 3892 Debelych3
1452 3808 1518 3890 ipse

253 3928 362 3977 autem
386 3915 533 3997 Mathyas
556 3914 624 3994 jura
648 3916 674 3976 si
699 3935 761 3996 qua
786 3914 932 3977 habuerit
955 3916 1060 3998 primo
1077 3915 1197 3995 judicio
1221 3930 1293 3998 post
1317 3915 1513 3976 vindemiam

254 4040 349 4103 super
374 4021 441 4102 ipsa
466 4022 564 4082 domo
589 4021 755 4103 producet.

360 4126 438 4187 Item
463 4125 580 4209 Gyuan
606 4141 714 4188 contra
744 4127 890 4188 Markum
922 4127 1064 4188 secundo
1097 4128 1209 4190 citatus
1237 4147 1300 4189 non
1328 4127 1517 4210 comparuit.

360 4232 439 4294 Item
463 4232 622 4314 Georgius
645 4253 703 4294 suo
729 4233 913 4295 testimonio
939 4247 973 4295 ut
996 4234 1108 4295 debuit
1131 4234 1286 4296 atestavit.

360 4337 440 4400 Item
465 4339 639 4420 Gregorius
663 4353 694 4400 et
716 4337 875 4419 Georgius
893 4338 1035 4420 Georgio
1067 4358 1187 4420 genero
1212 4339 1341 4401 Gerdne
1368 4340 1400 4400 in
1425 4339 1518 4420 quin·

255 4444 346 4504 denis
370 4459 493 4525 septem
516 4464 637 4506 marcas
661 4445 866 4506 denariorum
893 4446 1057 4507 exsolvere
1081 4445 1209 4507 debent.

361 4569 439 4630 Item
463 4570 624 4631 Iohannes
647 4570 819 4651 assumpsit
842 4570 985 4651 quinque
1014 4589 1136 4632 marcas
1160 4571 1365 4632 denariorum
1391 4570 1518 4632 solvere

255 4674 390 4736 NicoIao
407 4672 475 4736 filio
493 4675 616 4739 Odolns
626 4690 702 4737 tunc
717 4676 881 4758 temporis,
895 4676 1026 4756 quando
1040 4677 1194 4739 Nicolaus
1210 4676 1358 4738 sacerdos
1375 4677 1435 4738 sibi
1449 4695 1518 4758 per·

254 4781 357 4843 solvet
373 4780 502 4844 easdem
518 4783 662 4865 quinque
679 4801 812 4859 marcas,
829 4782 946 4863 quibus
961 4783 1022 4845 sibi
1040 4802 1099 4866 pro
1115 4782 1315 4845 fideiussoris
1339 4783 1522 4845 tenereturt
