3472 5234
588 389 675 446 Anno
698 383 788 465 1383.
813 422 857 431 —
879 384 932 449 28.
956 391 1082 463 augusti.
1408 409 1466 450 211

312 599 389 661 Item
415 597 520 659 Mathe
544 612 660 660 octavo
695 597 747 660 die
779 617 874 681 super
902 612 1019 680 quanta
1053 599 1229 680 quantitate
1255 600 1391 682 pecunie
1423 598 1470 680 ju·

205 706 297 784 rabit,
322 719 478 786 quantum
502 706 561 767 bos
584 724 661 766 suus
684 704 845 783 valuisset,
868 704 930 766 hoc
954 704 1014 766 sibi
1038 704 1222 767 Anthonius
1246 705 1380 789 lursych
1399 725 1470 788 per-

205 811 329 874 solvere
354 810 459 874 debet.

308 918 385 980 Item
412 916 588 998 Gregorius
613 915 793 978 Chudauch
828 929 942 978 octavo
968 916 1019 978 die
1044 936 1139 999 super
1163 937 1202 979 eo
1225 915 1352 997 jurabit,
1377 916 1466 999 quod

204 1025 307 1106 Ipsum
333 1024 451 1086 Paulus
475 1023 714 1087 Charantouich
739 1024 944 1102 vulnerasset,
970 1038 1000 1085 et
1025 1024 1084 1085 hoc
1108 1024 1250 1086 secundo
1274 1045 1318 1086 se.

312 1131 389 1192 Item
424 1130 542 1192 Paulus
572 1129 766 1192 MerichIcha
798 1144 907 1192 contra
941 1129 1048 1192 Endre
1079 1130 1221 1193 secundo
1256 1131 1370 1193 citatus
1402 1150 1467 1192 non

204 1237 394 1318 comparuit.

206 1470 299 1545 Ferln
330 1480 429 1545 sexta
458 1475 611 1562 proxima
642 1480 719 1545 ante
748 1472 870 1544 festum
899 1473 1136 1545 decollacionis
1164 1476 1274 1545 sancti
1304 1474 1469 1564 Iohannis

753 1597 917 1687 Baptiste.

718 1745 783 1823 (28.
812 1752 954 1823 augusti).

315 1888 393 1950 Item
417 1909 511 1951 causa
535 1888 690 1951 Iohannis
717 1903 826 1951 contra
858 1888 948 1950 Hans
973 1888 1051 1951 Scol
1079 1891 1120 1952 ad
1143 1905 1291 1953 octavum
1316 1891 1402 1954 dlem
1428 1891 1468 1953 ad

208 2014 318 2077 pacem
344 2009 390 2057 est
413 2009 549 2078 recepta.

313 2101 392 2162 Item
416 2120 509 2162 causa
534 2101 647 2164 Raden
681 2115 790 2164 contra
823 2103 900 2166 Scol
932 2104 971 2165 ad
996 2118 1146 2165 octavum
1180 2104 1266 2166 diem
1292 2103 1332 2165 ad
1357 2123 1468 2186 pacem

208 2220 254 2271 est
278 2220 414 2289 recepta.

309 2312 388 2375 Item
413 2313 535 2394 Symon
561 2313 645 2375 lilius
662 2313 853 2397 Chepernye
875 2329 984 2376 contra
1002 2315 1172 2376 dominum
1198 2314 1339 2378 Blasium
1358 2317 1469 2400 archy-

210 2422 382 2482 diaconum
406 2420 444 2481 de
474 2420 652 2482 Kamarcha
685 2421 839 2502 quasdam
875 2421 982 2483 literas
1006 2421 1219 2503 expeditorias
1251 2442 1352 2504 usque
1376 2425 1469 2504 quin-

205 2526 304 2588 denas
327 2525 478 2588 exhibere
504 2526 608 2588 debet.

309 2632 387 2693 Item
413 2631 563 2693 dominus
589 2632 677 2693 luka
706 2652 742 2693 ac
775 2631 907 2693 domina
932 2633 1101 2694 Francisca
1136 2647 1168 2694 et
1191 2632 1313 2715 Symon
1339 2632 1469 2695 domine

204 2738 311 2799 relicte
336 2737 508 2819 Raphaelis
531 2737 694 2818 sexaginta
729 2738 873 2818 quinque
906 2738 975 2801 flor.
1002 2757 1103 2819 usque
1134 2738 1314 2819 quindenas
1345 2738 1469 2801 solvere

210 2844 349 2920 debent3
374 2856 404 2904 et
429 2843 558 2904 eosdem
584 2841 723 2905 florenos
740 2843 916 2905 Hanslinus
939 2843 1060 2924 juratus
1072 2843 1193 2905 eisdem
1218 2843 1351 2905 domino
1370 2845 1470 2925 Luka,

209 2951 340 3012 domine
358 2950 526 3011 Francisce
547 2963 576 3010 et
594 2949 728 3032 Symoni
753 2968 854 3031 usque
883 2950 1009 3011 easdem
1028 2949 1207 3031 quindenas
1223 2950 1346 3012 solvere
1364 2950 1469 3015 debet.

315 3057 391 3118 Item
418 3056 563 3117 Thomas
587 3070 695 3117 contra
721 3057 848 3117 Petrum
876 3056 1019 3118 secundo
1052 3056 1164 3118 citatus
1189 3077 1254 3119 non
1279 3058 1469 3139 comparuit.

318 3163 394 3224 Item
420 3161 571 3223 domiuus
596 3162 720 3224 Blasius
737 3176 843 3224 custos
866 3175 976 3225 contra
994 3161 1173 3244 Georgium
1197 3163 1340 3226 secundo
1357 3163 1470 3227 citatus

206 3290 272 3332 non
300 3268 489 3350 comparuit.

311 3375 387 3436 Item
409 3389 504 3436 testes
520 3374 671 3457 (causam)
689 3375 813 3437 Nicolai
832 3375 944 3437 decani
962 3393 1071 3438 contra
1093 3376 1270 3457 Georgium
1295 3376 1470 3438 salivenam

207 3481 247 3542 ad
271 3495 419 3542 octavum
445 3480 530 3542 diem
556 3480 594 3541 ad
617 3480 887 3543 deliberacionem
912 3498 1111 3566 receperunt.

314 3587 389 3647 Item
417 3586 598 3648 Anthonius
621 3599 731 3649 contra
757 3587 892 3649 Paulum
917 3589 1022 3671 primo
1047 3590 1159 3650 citatus
1183 3608 1247 3650 non
1278 3590 1468 3672 comparuit.

314 3693 391 3753 Item
416 3691 577 3753 Iohannes
601 3708 711 3755 contra
735 3693 876 3755 Brumen
901 3709 1015 3756 octavo
1047 3695 1098 3756 die
1124 3695 1339 3776 respondebit.

315 3799 390 3860 Item
416 3819 510 3861 causa
535 3799 666 3881 Herney
690 3812 799 3862 contra
819 3798 975 3862 famulum
1001 3800 1119 3884 Gyuan
1144 3801 1184 3862 ad
1209 3814 1357 3864 octavum
1382 3801 1469 3864 diem

209 3907 247 3968 ad
273 3927 384 3990 pacem
409 3920 456 3969 est
479 3922 614 3988 recepta.

316 4013 394 4074 Item
428 4012 518 4073 Kirin
559 4025 590 4074 et
621 4011 781 4093 Georgius
812 4026 921 4074 contra
956 4013 1140 4094 Mosnarigh
1177 4026 1290 4075 octavo
1336 4012 1388 4075 dle
1424 4033 1471 4075 re·

212 4118 427 4202 spondebunt

314 4224 392 4287 Item
417 4223 561 4306 Philipus
584 4238 698 4285 octavo
723 4224 774 4285 die
800 4244 855 4306 per
877 4224 1031 4285 Mathiam
1055 4223 1157 4286 filium
1181 4224 1311 4286 orosnik
1336 4238 1368 4285 et
1392 4222 1472 4286 Gre-

206 4331 333 4412 gorium
359 4330 592 4413 carpentarium
617 4329 678 4392 hoc
700 4331 858 4410 atestabit,
882 4331 960 4413 quid
985 4331 1062 4413 ipsis
1085 4330 1125 4393 de
1152 4329 1236 4392 Iacto
1261 4330 1472 4414 interipsum

210 4436 372 4518 Philipum
397 4451 427 4498 et
452 4436 614 4497 Thomam
640 4448 772 4498 constat.

315 4543 393 4604 Item
419 4543 540 4625 Symon
573 4541 659 4604 filius
683 4542 874 4626 Chepernye
907 4556 1015 4603 contra
1042 4543 1189 4604 Markum
1219 4542 1258 4604 de
1285 4541 1473 4605 Grachchan

210 4648 348 4729 quedam
375 4648 444 4730 jura
468 4669 524 4710 sua
549 4649 725 4731 producere
750 4649 854 4712 debet.

316 4754 395 4816 Item
419 4774 512 4816 causa
529 4755 685 4816 Anthonii
703 4754 759 4816 filii
778 4754 876 4816 Renis
897 4767 1006 4815 contra
1023 4753 1139 4837 Gyuan
1164 4753 1203 4815 ad
1222 4769 1370 4816 octavum
1388 4753 1474 4816 diem

213 4871 260 4920 est
283 4874 465 4941 prorogata.
1351 4947 1370 4980 ᾖ
