3472 5234
1425 331 1487 392 359

331 516 410 578 Item
434 532 590 600 quantum
616 519 682 601 ipse
708 517 854 602 Mathyas
879 539 936 602 pro
954 520 1283 582 clamideAnthonio
1309 520 1413 602 jurato
1438 542 1488 583 su-

225 621 287 683 tori
321 622 470 703 solverit,
506 625 567 687 hoc
602 629 716 707 Agnya
749 625 893 687 servitrix
926 625 1054 688 Thome
1086 627 1224 688 condam
1258 625 1350 709 jurati
1382 627 1488 690 cidem

226 727 345 790 Mathie
369 730 494 792 solvere
523 731 636 809 debet,
662 745 692 792 et
715 751 773 813 pro
805 731 917 794 eadem
939 745 985 794 est
1017 732 1082 815 ipse
1116 732 1262 794 Thomas
1294 747 1325 794 et
1358 752 1489 795 consors

225 832 364 916 Myndos
384 834 562 900 fideiussor.

330 958 408 1020 Item
433 960 551 1022 Paulus
575 961 678 1044 pictor
694 975 804 1025 contra
829 963 932 1045 Remp
951 963 1055 1045 primo
1080 963 1193 1026 citatus
1210 983 1275 1027 non
1293 964 1484 1047 comparuit.

330 1063 407 1126 Item
432 1066 614 1128 Mosnarich
640 1080 750 1129 contra
775 1067 967 1150 Gregorium
994 1082 1107 1131 octavo
1132 1070 1183 1130 die
1208 1071 1427 1152 respondebit.

331 1169 409 1232 Item
433 1191 526 1233 causa
552 1172 728 1255 Mychaelis
752 1173 809 1236 filii
832 1174 981 1236 Damiani
1006 1189 1115 1238 contra
1151 1174 1343 1256 Gregorium
1369 1177 1410 1237 ad
1434 1196 1487 1238 oc·

222 1288 333 1336 tavum
358 1276 445 1339 diem
469 1278 509 1339 ad
533 1298 645 1361 pacem
670 1292 717 1342 est
739 1293 875 1362 recepta.

329 1400 406 1462 Item
441 1402 602 1465 Iohannes
633 1402 718 1465 filius
751 1404 854 1484 Pauli,
886 1405 1033 1487 Mychael
1059 1405 1262 1489 Ortholflych
1294 1425 1330 1467 ac
1354 1407 1485 1468 domina

224 1506 398 1571 Katherina
423 1524 532 1572 contra
557 1509 736 1573 Iohannem
770 1510 873 1574 filium
905 1512 1030 1574 Nicolai
1054 1512 1160 1595 primo
1192 1512 1280 1575 citati
1305 1532 1370 1575 non
1396 1533 1483 1575 com·

223 1629 408 1695 paruerunt.

328 1719 405 1784 Item
431 1723 592 1785 lohannes
624 1739 733 1787 contra
758 1725 930 1786 Nicolaum
962 1737 1116 1787 sartorem
1141 1725 1246 1807 primo
1275 1726 1388 1788 citatus
1420 1746 1483 1789 non

222 1828 412 1909 comparuit.

327 1933 405 1996 Item
423 1934 576 2018 Gyurgek
600 1952 709 1999 contra
735 1937 841 1999 Mathe
865 1936 1007 1998 secundo
1028 1937 1142 1998 citatus
1164 1957 1227 2000 non
1246 1938 1437 2021 comparuit.

328 2040 406 2103 Item
431 2042 538 2104 Endre
563 2043 629 2127 Syb
653 2056 763 2106 contra
781 2043 975 2123 Gregorium
998 2043 1132 2105 voschar
1156 2045 1261 2126 primo
1281 2045 1394 2106 citatus
1417 2064 1482 2107 non

222 2147 411 2228 comparuit.

327 2253 405 2314 Item
429 2255 518 2317 Lulta
544 2256 670 2317 Bonioli
696 2256 902 2317 Valentinum
925 2254 1082 2317 famulum
1106 2276 1199 2318 suum
1225 2269 1334 2318 contra
1360 2257 1481 2338 Grego-

221 2356 304 2419 tium
330 2359 464 2421 voschar
488 2374 602 2423 octavo
627 2361 678 2422 die
703 2374 841 2423 statuere
866 2362 971 2426 debet.

326 2482 404 2545 Item
430 2484 576 2566 Mathyas
600 2500 701 2547 sartor
724 2499 835 2548 contra
861 2486 1073 2548 Laurencium
1107 2487 1244 2548 condam
1269 2469 1410 2567 judicem
1434 2507 1480 2548 se·

220 2587 327 2649 cundo
356 2588 469 2651 citatus
493 2610 556 2652 non
582 2591 771 2673 comparuit.

324 2693 403 2756 Item
428 2695 603 2779 Gregorius
627 2696 711 2760 filius
727 2698 844 2779 Angeli
869 2710 978 2760 contra
996 2697 1161 2759 dominam
1188 2696 1360 2759 Grachiam
1375 2697 1482 2780 primo

219 2798 333 2861 citatus
364 2821 429 2863 non
455 2804 643 2886 comparuit.

325 2924 403 2986 Item
423 2926 530 2989 Mathe
546 2928 705 3009 gladiator
729 2948 786 3010 per
803 2927 997 2989 Hanslinum
1011 2929 1116 2990 taskar
1133 2942 1163 2990 et
1181 2929 1370 3011 lurglynum
1389 2929 1480 3011 pilia-

220 3043 322 3092 torem
348 3032 409 3094 hoc
443 3034 600 3113 atestabit,
631 3035 719 3115 quod
752 3035 856 3117 ipsum
889 3035 1004 3117 Jaltlyn
1037 3034 1257 3116 vituperasset,
1289 3046 1320 3096 et
1344 3033 1404 3096 hoc
1428 3055 1480 3098 oc·

218 3149 293 3199 tavo
321 3138 383 3202 dle.

323 3245 402 3308 Item
426 3267 520 3308 causa
545 3246 679 3329 Jursych
711 3262 821 3309 contra
846 3247 1052 3309 Valentinum
1086 3247 1126 3308 ad
1150 3260 1300 3309 octavum
1325 3246 1411 3309 diem
1437 3249 1478 3310 ad

217 3368 327 3431 pacem
353 3365 399 3414 est
423 3367 559 3435 recepta.

323 3457 401 3519 Item
425 3457 573 3521 Matheus
597 3473 705 3520 contra
731 3457 908 3541 Georqum
941 3458 1174 3540 carpentarium
1200 3458 1342 3519 secundo
1367 3458 1480 3520 citatus

217 3582 281 3624 non
307 3565 496 3647 comparuit.

321 3689 399 3751 Item
418 3710 511 3753 causa
537 3691 646 3754 Jacobi
663 3690 810 3773 pellihcis
834 3703 942 3752 contra
968 3688 1132 3751 custodem
1159 3688 1199 3749 ad
1223 3701 1373 3750 octavum
1391 3688 1477 3750 diem

216 3808 262 3857 est
285 3811 467 3878 prorogata.

323 3903 401 3965 Item
426 3905 535 3966 Endre
560 3905 664 3966 dictus
682 3903 784 3966 Kozel
808 3916 923 3966 octavo
944 3904 995 3965 die
1019 3904 1118 3966 tercio
1135 3923 1168 3966 se
1192 3922 1287 3985 super
1311 3922 1350 3963 eo
1374 3901 1477 3984 jurare

217 4008 321 4089 debet,
346 4011 434 4091 quod
459 4011 526 4093 ipse
553 4031 633 4093 quas
657 4008 762 4092 fruges
786 4011 955 4093 recepisset
971 4030 1026 4071 sue
1051 4029 1130 4091 pure
1154 4022 1258 4071 essent
1282 4021 1313 4070 et
1337 4008 1477 4069 non‘do-

216 4113 294 4174 mini
328 4114 496 4193 Cantoris;
527 4117 671 4178 medicus
695 4128 801 4178 autem
835 4117 937 4200 ipsam
962 4135 1088 4178 causam
1114 4114 1154 4176 ad
1184 4115 1333 4196 antIquos
1356 4112 1478 4195 judices

215 4222 397 4303 appellavit.

321 4329 399 4392 Item
424 4330 616 4391 Benedictus
648 4327 792 4390 GaIIIcus
816 4348 872 4390 seu
904 4327 1133 4389 Stachunarius
1165 4339 1279 4387 octavo
1304 4325 1355 4386 die
1379 4344 1476 4406 super

215 4450 336 4517 quanto
360 4436 477 4517 juraret
500 4450 655 4517 quantum
681 4436 720 4496 de
746 4435 799 4496 illa
824 4435 958 4517 pecunia
983 4431 1077 4495 luerit
1099 4452 1194 4514 quam
1220 4432 1279 4493 sihi
1304 4431 1476 4493 subtraxis-

212 4555 293 4621 sent,
318 4556 443 4605 tantum
467 4542 546 4604 duas
570 4555 674 4625 partes
698 4541 797 4625 ipsius
821 4541 956 4623 pecunie
982 4538 1143 4618 Dragozlo
1168 4538 1273 4619 jurato
1298 4553 1328 4599 et
1353 4537 1475 4599 luraich

213 4650 338 4712 solvere
363 4650 458 4712 debet
482 4649 676 4712 Benedictus
699 4644 906 4731 prenotatus;¹
928 4647 993 4728 ipse
1023 4660 1129 4708 autem
1155 4645 1349 4706 Benedictus
1374 4645 1475 4726 ipsam

139 4765 143 4770 “
212 4777 340 4820 causam
365 4756 405 4819 ad
430 4756 581 4838 antiquos
604 4753 727 4837 judices
749 4752 934 4838 appellavit.
