3472 5234
263 329 320 392 192
653 311 740 368 Anno
763 305 855 386 1383.
882 342 922 352 —-
940 325 975 387 3.
999 312 1116 383 aprilis.

362 520 441 581 Item
466 520 601 581 Mathias
624 519 745 600 juratus
770 534 885 582 octavo
906 519 958 582 die
982 540 1038 602 per
1062 520 1243 582 Iohannem
1267 520 1452 603 pellificem‚
1477 522 1516 584 ad

257 646 354 708 quem
371 647 404 689 se
418 627 485 709 ipse
503 626 638 687 Mathias
662 640 693 688 et
709 626 861 688 Herricus
876 625 1007 709 pellifex
1030 641 1144 709 sponte
1169 628 1409 706 commiserunt,
1426 642 1521 710 prout

257 733 423 811 atestabit,
455 732 544 814 quod
576 732 642 814 ipse
668 731 820 793 Herricus
853 731 917 793 filie
945 733 1076 793 Rennar
1107 747 1246 814 quatuor
1278 733 1393 795 marcis
1425 733 1521 795 dena·

256 839 378 901 riorum
402 840 489 921 wlgo
515 838 665 921 Grachlry
688 838 782 899 dictis
805 851 836 899 et
868 837 1079 920 quadraginta
1112 838 1238 900 cubulis
1262 838 1389 901 debitor
1413 838 1527 917 fuerit.¹

365 945 443 1007 Item
470 964 563 1006 causa
589 943 710 1006 MathIe
727 943 876 1026 Hresnyk
901 957 1011 1005 contra
1029 943 1230 1026 Mychaelem
1254 943 1357 1006 filium
1371 944 1521 1006 Damiani

257 1049 298 1111 ad
322 1063 473 1112 octavum
497 1051 584 1111 diem
608 1051 649 1111 ad
673 1069 785 1132 pacem
810 1063 857 1112 est
880 1064 1017 1131 recepta.

362 1156 440 1218 Item
478 1154 655 1237 Gregorius
690 1154 881 1217 Chudauich
917 1169 949 1217 et
980 1155 1162 1237 Stephanus
1201 1168 1311 1217 contra
1351 1155 1521 1217 mulierem

256 1261 356 1323 Ilkam
383 1262 488 1344 prImo
513 1261 599 1323 citati
627 1279 695 1322 non
718 1275 978 1342 comparuerunt.

362 1367 440 1429 Item
465 1366 642 1448 Gregorius
665 1365 905 1428 molendinator
922 1379 1032 1428 contra
1053 1366 1234 1428 Iohannem
1256 1365 1395 1446 juratum
1413 1366 1521 1449 prImo

256 1472 369 1534 citatus
392 1492 458 1534 non
488 1472 676 1554 comparuit.

364 1578 443 1640 Item
469 1577 620 1640 Herricus
651 1575 781 1659 pellifex
805 1592 835 1639 et
864 1576 1024 1658 Georgius
1056 1578 1154 1639 Loter
1185 1591 1295 1639 contra
1318 1577 1520 1640 Anthonium

258 1685 393 1767 Jursych
422 1685 527 1767 prImo
552 1685 638 1746 citati
663 1703 727 1745 non
753 1698 1010 1766 comparuerunt.

364 1791 442 1852 Item
468 1789 650 1872 Stephanus
666 1788 834 1871 Chaplych
851 1804 962 1851 contra
985 1790 1179 1870 Agustinum
1197 1788 1396 1852 sacerdotem
1415 1789 1520 1872 primo

255 1896 369 1969 citatus
394 1915 461 1958 non
485 1895 675 1977 comparuit.

364 2002 442 2063 Item
468 2001 649 2082 Stephanus
672 2001 740 2062 Rez
764 2014 878 2062 octavo
903 2000 955 2062 die
979 2020 1035 2083 per
1054 2001 1236 2062 Iohannem
1260 2000 1362 2063 filium
1388 2001 1472 2062 Petri
1490 2015 1522 2063 et

255 2107 344 2170 Iwan
368 2106 488 2168 dictum
523 2106 691 2190 Zperdnen
716 2108 845 2168 racione
878 2107 1044 2170 cuiusdam
1075 2109 1158 2169 vasis
1189 2109 1255 2170 vini
1280 2123 1389 2169 contra
1414 2108 1520 2170 Ellam

255 2232 391 2296 parvum
415 2227 516 2274 astare
541 2213 648 2275 debet.

364 2319 442 2380 Item
470 2319 585 2380 Paulas
601 2333 711 2380 contra
728 2318 832 2380 Eliam
850 2338 985 2400 parvum
1002 2320 1107 2395 prImo
1121 2321 1234 2381 citatus
1247 2339 1312 2382 non
1330 2320 1519 2402 comparuit.

364 2424 442 2486 Item
467 2425 628 2486 Janchech
652 2423 812 2486 aurifaber
836 2438 950 2487 octavo
983 2425 1034 2487 die
1058 2445 1114 2508 per
1139 2425 1246 2487 Endre
1272 2425 1338 2508 Syb
1363 2438 1394 2487 et
1418 2425 1520 2488 Geor-

254 2532 344 2613 gium
371 2531 534 2592 literatum
559 2531 619 2593 hoc
643 2531 800 2609 atestabit,
835 2530 923 2612 quod
956 2531 1061 2613 ipsum
1093 2551 1174 2592 uxor
1198 2530 1274 2593 dicti
1307 2530 1415 2593 Endre
1438 2531 1521 2593 vitu·

255 2650 408 2721 parasset.

361 2742 439 2804 Item
473 2743 625 2805 Herricus
655 2742 786 2825 pellifex
825 2756 934 2805 contra
966 2743 1146 2806 Iohannem
1178 2743 1377 2806 aurifabrum
1414 2744 1520 2826 primo

255 2850 369 2911 citatus
392 2870 457 2911 non
483 2851 673 2932 comparuit.

363 2956 441 3017 Item
474 2956 636 3018 Iohannes
667 2955 752 3017 filius
783 2956 902 3017 Donati
934 2969 1043 3017 contra
1076 2954 1255 3037 Georgium
1287 2957 1384 3017 Loter
1415 2955 1521 3037 prImo

254 3061 367 3122 citatus
399 3080 464 3123 non
499 3063 689 3143 comparuit.

362 3167 440 3229 Item
464 3167 637 3250 Dragonya
670 3184 783 3230 octavo
816 3168 868 3230 die
892 3188 948 3250 per
980 3167 1147 3229 dominam
1178 3182 1360 3230 consortem
1384 3169 1519 3230 Ioannis

255 3274 354 3334 Pazar
372 3287 403 3334 et
428 3273 541 3334 Hanch
566 3288 708 3335 sutorem
731 3274 792 3335 hoc
816 3274 974 3352 atestabit,
1002 3273 1090 3355 quod
1115 3292 1245 3334 consors
1270 3274 1377 3356 Erney
1403 3274 1520 3335 sutoris

254 3393 437 3440 consortem
460 3398 551 3440 suam
575 3380 795 3460 vituperasset.

359 3484 438 3545 Item
463 3504 556 3545 causa
574 3485 689 3545 Paulas
705 3499 815 3547 contra
840 3486 1010 3547 NIcolaum
1032 3487 1187 3568 Ribarigh
1206 3486 1245 3548 ad
1264 3500 1414 3548 octavum
1432 3485 1519 3547 diem

254 3589 293 3650 ad
317 3609 429 3671 pacem
455 3605 501 3650 est
525 3604 661 3670 recepta.

360 3694 437 3756 Item
462 3714 554 3755 causa
580 3695 679 3756 Marci
704 3709 813 3756 contra
837 3696 979 3757 Valisam
996 3696 1036 3757 ad
1061 3711 1210 3758 octavum
1235 3697 1322 3758 diem
1346 3696 1387 3758 ad
1405 3717 1518 3779 pacem

255 3815 301 3862 est
325 3815 461 3883 recepta.

362 3907 439 3968 Item
464 3906 618 3968 Nicolaus
642 3906 745 3988 Cigan
771 3922 880 3969 contra
906 3908 1050 3969 Marcum
1073 3908 1179 3990 primo
1209 3909 1321 3970 citatus
1346 3928 1411 3970 non
1433 3929 1520 3970 com·

253 4012 369 4091 paruit.

360 4118 437 4179 Item
463 4118 570 4179 Endre
602 4133 632 4180 et
664 4119 795 4181 domina
826 4120 1000 4182 Katherina
1033 4120 1216 4202 Kyparicha
1248 4135 1356 4182 contra
1391 4122 1520 4201 Agusti·

255 4223 426 4284 nouicham
452 4225 557 4305 prImo
582 4225 668 4286 citati
693 4244 758 4287 non
783 4240 1042 4306 comparuerunt.

360 4329 437 4390 Item
455 4329 617 4391 Iohannes
648 4329 733 4392 fillus
757 4332 875 4393 Donati
908 4346 939 4393 et
964 4332 1089 4393 Marcus
1120 4331 1204 4393 filius
1237 4332 1373 4415 Mykech
1408 4345 1517 4394 contra

253 4432 454 4495 Anthonium
480 4436 578 4497 Renis
602 4437 707 4519 prImo
731 4438 818 4498 citati
843 4457 908 4498 non
938 4451 1197 4519 comparuerunt.

360 4538 438 4600 Item
463 4541 574 4602 Petrus
607 4540 746 4604 famulus
770 4543 928 4626 Delasych
959 4556 1073 4605 octavo
1103 4543 1155 4605 die
1186 4543 1329 4606 secundo
1361 4565 1394 4605 se
1425 4564 1521 4626 super

254 4663 293 4705 eo
317 4643 435 4723 jurabit
458 4646 546 4728 quod
572 4648 638 4728 ipse
663 4648 841 4712 Iohannem
866 4649 970 4711 filium
1001 4650 1110 4711 Jacobi
1146 4650 1225 4711 Bole
1249 4648 1426 4712 interficere
1452 4670 1517 4711 non

253 4749 391 4811 voluerit
413 4771 519 4833 neque
545 4753 650 4834 ipsum
675 4754 831 4816 Iacobum
856 4755 1075 4838 vituperasset.
