3472 5234
637 327 723 381 Anno
745 320 839 399 1382.
864 357 904 365 -
930 320 961 384 8.
985 325 1095 384 maro'i.
1441 322 1497 400 165

342 535 418 597 ltem
446 535 557 595 Petrus
582 547 692 596 contra
718 534 852 595 Paulum
877 547 993 595 octavo
1018 534 1069 595 die
1094 534 1310 616 respondebit.

341 640 421 701 ltem
449 640 618 702 Ladislaus
652 639 755 701 Tular
785 654 894 701 contra
927 640 1082 700 lacobum
1114 639 1326 721 gladiatorem
1357 637 1499 700 secundo

235 747 349 808 citatus
373 766 439 808 non
465 746 655 827 comparuit.

341 851 421 913 Item
447 871 541 912 causa
566 850 651 911 lwan
685 849 926 933 Chudauchych
957 864 1066 912 contra
1092 850 1286 931 Gregorium
1319 864 1366 911 est
1389 869 1499 932 proro-

234 973 308 1040 gata
333 977 434 1040 usque
460 971 610 1019 octavum
635 956 733 1019 diem.

343 1064 423 1125 ltem
448 1083 542 1125 causa
568 1061 718 1143 Gregorii
743 1061 836 1142 jurati
860 1077 891 1124 et
914 1063 1030 1124 Paulas
1046 1076 1156 1123 contra
1179 1062 1352 1124 Nicolaum
1378 1061 1501 1123 Odolas

234 1171 279 1231 sic
303 1183 350 1231 est
369 1167 564 1249 adjudicata,
581 1168 671 1249 quod
695 1167 798 1230 dictus
814 1169 967 1230 Nicolaus
983 1188 999 1228 a
1017 1167 1146 1250 prelatis
1164 1164 1321 1249 Gregorio
1339 1181 1370 1230 et
1386 1167 1501 1229 Paulas

236 1276 352 1357 viginti
377 1293 499 1335 marcas
532 1273 752 1352 denariorum,
783 1274 815 1335 in
847 1294 913 1355 quo
944 1275 983 1335 lis
1006 1287 1088 1335 esset
1120 1274 1202 1335 inter
1225 1293 1281 1335 eos
1305 1287 1403 1353 mota,
1433 1294 1500 1336 non

237 1382 415 1458 habuisset,
440 1380 508 1441 sola
533 1399 589 1440 sua
621 1380 653 1440 in
688 1399 824 1460 persona
855 1394 1090 1442 sacramentum
1112 1379 1275 1461 prestabit,
1300 1394 1331 1442 et
1361 1380 1423 1442 hoc
1447 1399 1500 1442 oc·

235 1501 310 1549 tavo
335 1488 398 1549 die.

341 1593 420 1655 ltem
448 1592 624 1674 Gregorius
655 1592 821 1674 Voschyar
859 1611 918 1653 nec
949 1611 1014 1653 non
1047 1592 1162 1654 Paulas
1188 1607 1297 1654 contra
1328 1592 1499 1654 Nicolaum

238 1698 361 1760 Odolas
388 1712 501 1761 octavo
527 1700 578 1761 die
604 1700 756 1781 jurabunt
779 1718 874 1780 super
898 1717 947 1776 eo,
979 1698 1067 1779 quod
1092 1699 1150 1780 ipsi
1175 1718 1192 1759 a
1216 1696 1341 1781 prefato
1364 1698 1499 1760 Nicolao

236 1805 349 1866 decem
383 1819 414 1867 et
446 1820 520 1867 octo
554 1825 676 1867 marcas
708 1804 914 1867 denariorum
938 1823 1004 1865 non
1035 1803 1231 1883 habuissent,
1263 1805 1294 1865 in
1327 1823 1392 1886 quo
1416 1803 1500 1866 lacto

235 1911 324 1973 litem
349 1910 554 1986 lrabuissent3
586 1911 653 1992 ipse
679 1925 785 1972 autem
810 1911 962 1972 Nicolaus
995 1911 1098 1991 ipsam
1131 1929 1258 1972 causam
1285 1909 1325 1971 ad
1349 1910 1500 1991 antiquos

234 2016 356 2097 judices
386 2016 569 2099 appellavit.

342 2122 420 2184 Item
446 2143 538 2184 causa
565 2122 746 2185 Clementis
769 2121 956 2204 Zyrochych
980 2135 1012 2184 et
1035 2122 1120 2183 lwan
1151 2121 1209 2183 filii
1235 2122 1342 2184 Mathe
1367 2142 1402 2184 ac
1426 2122 1500 2184 Phi·

233 2229 313 2310 lippi
339 2228 502 2311 cyrolichy
526 2229 571 2290 sic
597 2243 643 2290 est
668 2227 860 2308 adjudicata,
878 2228 965 2309 quod
987 2228 1090 2290 dictus
1107 2227 1192 2289 lwan
1209 2229 1399 2310 porcionem
1417 2230 1500 2291 Mar-

233 2334 364 2415 garethe
397 2334 513 2396 debeat
543 2335 583 2395 ad
614 2354 648 2395 se
682 2353 909 2416 assumpmere,
945 2352 1007 2415 que
1040 2334 1150 2416 porcio
1175 2355 1192 2395 a
1218 2333 1361 2416 Georgio
1393 2335 1500 2396 eidem

234 2440 367 2501 domine
391 2441 541 2521 provenit
563 2460 622 2522 pro
652 2440 846 2521 quibusdam
870 2439 1013 2520 quinque
1040 2439 1155 2500 marcis
1190 2440 1407 2518 denariorum,
1436 2460 1500 2522 que

234 2544 363 2607 fuerunt
388 2545 492 2607 eidem
520 2545 723 2627 Margarethe
754 2545 858 2626 legate
885 2564 941 2627 per
975 2559 1116 2626 patrem;
1141 2564 1171 2607 er
1203 2545 1264 2607 hoc
1289 2544 1499 2625 notificando,

234 2652 323 2733 quod
349 2652 522 2713 duodecim
546 2672 669 2713 marcas
693 2650 732 2712 ad
757 2671 808 2712 sex
837 2665 941 2733 partes
973 2651 1055 2712 inter
1078 2671 1111 2712 se
1137 2651 1280 2713 dividere
1305 2652 1434 2715 debent.
1459 2654 1500 2715 Et

234 2757 295 2820 hoc
319 2777 385 2818 non
414 2758 629 2840 pretermisso,
664 2756 752 2839 quod
783 2776 975 2838 quecunque
1007 2758 1152 2838 parcium
1185 2757 1433 2840 prescriptorum
1465 2759 1498 2819 in

233 2864 395 2946 premissis
426 2863 491 2925 litis
515 2865 694 2942 materiam,
727 2883 788 2945 que
808 2863 921 2941 sciens,
945 2876 1107 2941 moveret,
1139 2861 1280 2925 infacto
1316 2863 1498 2946 calumpnie

234 2969 487 3031 convinceretur.

341 3074 420 3137 ltem
446 3075 599 3137 Nicolaus
624 3076 794 3158 Hlebopelc
819 3090 929 3137 contra
945 3075 1116 3137 Nicolaum
1141 3073 1271 3136 fratrem
1295 3075 1412 3156 Angeli
1429 3076 1499 3136 sab·

235 3183 309 3243 bato
333 3181 482 3263 proximo
506 3195 578 3242 ante
604 3182 801 3243 dominicam
831 3181 927 3243 Oculi
951 3181 983 3242 in
1019 3179 1103 3243 lacto
1127 3180 1294 3243 cuiusdam
1325 3181 1419 3244 vinee
1443 3202 1499 3243 an-

233 3289 344 3370 tiquos
368 3287 491 3370 judices
516 3308 710 3369 congregare
735 3287 840 3352 debet.

463 3508 607 3579 Sabbato
637 3511 791 3597 proximo
821 3517 899 3580 ante
928 3508 1130 3579 dominicam
1158 3505 1262 3580 Oculi.

771 3657 816 3739 (8.
840 3662 963 3739 martir).

340 3803 419 3864 ltem
445 3820 538 3862 causa
564 3800 713 3882 Gregorii
737 3799 919 3883 Woschyar
941 3821 1000 3862 nec
1032 3820 1098 3862 non
1122 3800 1238 3861 Paulas
1268 3815 1379 3862 contra
1402 3801 1498 3862 Nico·

236 3909 324 3970 laum
350 3908 475 3970 Odolas
498 3927 554 3989 per
578 3908 729 3988 antiquos
753 3907 938 3987 judicesad
966 3923 1114 3969 octavum
1147 3906 1234 3968 diem
1258 3919 1304 3968 est
1328 3920 1499 3988 prorogata

234 4034 273 4077 eo
297 4014 409 4092 modu,
432 4013 519 4094 quod
545 4032 646 4094 usque
671 4013 791 4074 dictum
821 4027 971 4074 octavum
988 4014 1075 4074 diem
1099 4013 1139 4074 de
1164 4011 1247 4073 dicta
1271 4031 1365 4073 causa
1389 4032 1499 4094 supra-

234 4121 475 4182 nominatorum
502 4118 587 4180 idem
610 4118 731 4199 judices
762 4119 929 4200 pensando
953 4119 1073 4180 vellent
1103 4118 1183 4179 scire
1208 4118 1376 4179 veritatem
1400 4132 1431 4179 et
1453 4118 1498 4180 sic

235 4228 267 4288 in
293 4226 415 4288 cunctis
439 4224 543 4287 facere
567 4224 689 4305 justicie
715 4225 999 4306 complementum.

339 4333 418 4394 Item
431 4331 519 4413 quod
536 4331 610 4412 quia
629 4331 808 4413 Stephanus
818 4331 903 4392 Reez
916 4329 1002 4412 juxta
1014 4330 1214 4411 judiciariam
1234 4328 1496 4391 commissionem

234 4459 330 4520 super
364 4439 505 4519 quadam
536 4438 712 4518 quantitate
743 4437 880 4519 pecunie
912 4451 1021 4498 contra
1052 4435 1254 4497 Anthonium
1285 4436 1385 4497 Renis
1408 4434 1495 4498 lesti-

235 4547 329 4605 nebat
346 4544 414 4605 sola
431 4563 487 4605 sua
506 4544 537 4604 in
554 4563 690 4625 persona
712 4544 744 4604 in
763 4562 857 4626 supra
875 4543 1040 4604 nominata
1065 4543 1179 4624 quinto
1193 4541 1244 4603 die
1262 4554 1497 4604 sacramentum

235 4648 407 4732 deponere,
433 4650 499 4731 ipse
520 4669 597 4711 vero
621 4649 804 4711 Anthonius
832 4648 949 4710 dictam
974 4668 1101 4710 causam
1130 4648 1170 4710 ad
1202 4648 1352 4729 antiquos
1376 4646 1498 4729 judices

234 4755 435 4837 appellasset,
461 4774 519 4836 pro
544 4774 583 4816 eo
601 4755 724 4835 antiqui
742 4753 863 4834 judices
887 4754 989 4836 ipsam
1005 4774 1134 4817 causam
1158 4754 1202 4816 sic
1220 4753 1497 4832 determinassem,
