3472 5234
652 336 740 394 Anno
762 331 856 412 1382.
881 369 922 378 -
946 349 977 412 4.
994 336 1080 412 julii.

346 544 424 606 Item
449 543 613 606 lohannes
636 543 754 625 figulus
777 558 889 607 contra
912 546 1084 608 Nicolaum
1108 563 1300 626 atcuparum
1324 543 1430 626 primo
1463 543 1506 604 ci·

237 662 322 712 tatus
347 670 413 712 non
438 651 630 733 comparuit.

346 775 425 837 Item
455 775 594 837 lacobus
627 775 786 836 balniator
816 789 925 837 contra
956 774 1139 838 Corardum
1171 774 1277 857 primo
1302 773 1416 835 citatus
1439 791 1505 834 non

238 881 432 963 comparuit.

344 986 424 1048 Item
447 987 620 1050 Valentius
644 986 782 1066 Berend,
807 987 973 1050 Mathciko
1003 986 1144 1049 carnifex
1168 1000 1199 1048 et
1223 986 1381 1048 Martinus
1403 999 1505 1048 sartor

239 1092 271 1153 in
296 1093 401 1174 primo
424 1092 546 1175 judicio
570 1093 734 1155 universas
757 1093 865 1154 literas
888 1093 1033 1175 ipsorum
1049 1106 1080 1154 et
1104 1093 1204 1155 eciam
1229 1092 1423 1172 testimonia,
1441 1109 1505 1173 que

238 1198 371 1260 meliora
396 1197 526 1278 habent,
551 1198 701 1261 exhibere
725 1212 756 1260 et
778 1199 956 1280 producere
980 1198 1109 1260 debent.

346 1321 426 1383 Item
458 1342 553 1384 causa
583 1321 738 1383 Iohannis
769 1335 880 1384 contra
913 1321 1108 1403 Gregorium
1144 1320 1247 1383 filium
1279 1321 1434 1384 Iohannis
1465 1321 1506 1381 ad

237 1427 378 1508 primum
402 1427 559 1508 judicium
581 1428 622 1489 ad
646 1447 760 1510 pacem
782 1441 828 1490 est
851 1442 987 1511 recepta.

342 1533 420 1595 Item
445 1535 591 1596 Thomas
607 1548 717 1597 contra
733 1534 946 1597 Benedictum
967 1535 1072 1616 primo
1097 1534 1211 1596 citatus
1227 1553 1293 1595 non
1311 1532 1504 1614 comparuit.

343 1638 421 1701 Item
445 1640 646 1721 Dragozlaus
668 1639 806 1702 condam
831 1639 953 1721 juratus
969 1640 1132 1722 quandam
1149 1639 1390 1701 fideiussionem
1415 1637 1505 1699 vide·

237 1744 311 1805 licet
334 1745 659 1825 quintumdimidium
683 1745 843 1808 florenum
868 1760 900 1808 et
923 1747 1035 1808 decem
1059 1745 1190 1822 solidos,
1215 1765 1274 1827 pro
1291 1745 1411 1827 quibus
1435 1745 1503 1826 ipse

237 1870 255 1912 a
280 1850 404 1932 Kyrino
430 1863 461 1913 et
485 1850 628 1933 Georgio
652 1850 720 1913 filio
744 1852 874 1914 Thome
906 1850 1074 1913 fideiussor
1098 1851 1219 1931 fuisset,
1241 1851 1397 1913 Mauricio
1429 1868 1501 1931 per-

236 1957 333 2018 solvit
356 1958 452 2039 plene
477 1971 508 2019 et
531 1959 664 2038 integre.

342 2063 421 2126 Item
440 2065 567 2126 Marcus
590 2063 675 2126 filius
691 2063 827 2146 Mykech
852 2064 884 2125 in
902 2064 1007 2146 primo
1023 2062 1144 2143 judicio
1160 2062 1221 2124 hoc
1238 2062 1395 2140 atestabit,
1413 2060 1502 2142 quod

238 2168 399 2251 Georgius
432 2168 617 2252 Blanchych
649 2169 825 2251 quemdam
855 2188 976 2250 equum
1007 2189 1081 2231 cum
1113 2168 1248 2250 pecunia
1290 2167 1366 2229 dicti
1403 2166 1501 2228 Marci

236 2289 463 2358 comparasset,
488 2290 518 2338 et
542 2275 602 2338 hoc
626 2295 683 2358 per
706 2275 878 2338 Nicolaum
904 2275 1073 2357 Delasych.

343 2400 421 2461 Item
446 2399 532 2460 idem
557 2400 684 2461 Marcus
707 2419 764 2481 per
785 2399 990 2461 Franciscum
1008 2398 1145 2460 condam
1167 2397 1307 2478 judicem
1332 2409 1363 2458 et
1388 2396 1499 2457 Maren

236 2506 375 2568 condam
407 2505 546 2588 iuratum
577 2507 610 2568 in
640 2506 746 2588 primo
778 2504 899 2586 judicio
930 2504 992 2567 hoc
1023 2504 1188 2582 atestabit,
1220 2503 1308 2584 quod
1340 2501 1502 2584 predictus

237 2611 398 2694 Georgius
422 2613 586 2693 quandam
610 2612 780 2694 pecuniam
804 2630 896 2672 suam
920 2631 938 2672 a
961 2610 1106 2693 predicto
1123 2610 1258 2671 Mareno
1282 2608 1446 2690 receperit,
1472 2618 1503 2668 et

236 2737 309 2779 curn
334 2719 446 2780 eadem
470 2718 607 2800 pecunia
631 2731 694 2778 tres
716 2717 816 2778 boves
840 2717 963 2780 emerit.

341 2824 420 2887 Item
446 2823 576 2886 Gerdak
599 2843 709 2885 cursor
738 2823 770 2884 in
801 2822 907 2904 primo
939 2821 1060 2904 judicio
1084 2841 1140 2903 per
1172 2819 1304 2882 Barthol
1328 2816 1501 2900 lapicidam

236 2944 267 2991 et
292 2931 379 2991 Mare
404 2930 465 2992 hoc
490 2930 648 3007 atestabit,
678 2927 767 3010 quod
800 2929 905 3010 ipsum
930 2929 1021 2990 Hans
1046 2927 1124 2990 Scof
1145 2928 1177 2989 in
1211 2927 1310 2987 domo
1334 2945 1391 2986 sua
1415 2924 1501 2985 clau-

236 3036 311 3097 serit
336 3049 366 3097 et
389 3037 615 3099 vulneraverit.

342 3158 420 3219 Item
446 3159 532 3219 idem
558 3158 687 3221 Gerdak
711 3160 858 3223 similiter
882 3161 914 3221 in
940 3159 1045 3241 primo
1065 3158 1186 3239 judicio
1211 3177 1267 3239 per
1290 3156 1399 3218 Endre
1424 3156 1501 3238 Syb,

236 3264 433 3345 Stephanum
461 3264 559 3325 Pazar
583 3278 614 3325 et
637 3265 737 3327 Vorih
761 3265 896 3346 figulum
921 3266 982 3327 hoc
1004 3264 1162 3343 atestabit,
1188 3263 1277 3345 quod
1302 3263 1408 3343 ipsum
1426 3258 1505 3323 Scol

235 3370 325 3431 Hans
348 3372 407 3430 sub
432 3389 514 3451 pena
538 3369 650 3431 decem
675 3390 855 3432 marcarum
880 3371 1057 3433 interficere
1081 3371 1245 3431 voluisset.

342 3475 420 3537 Item
445 3475 597 3536 Nicolaus
622 3475 773 3538 Ribarich
805 3491 915 3538 contra
940 3476 1124 3560 Bedycham
1148 3477 1253 3557 primo
1286 3474 1399 3536 citatus
1434 3492 1500 3534 non

236 3581 425 3662 comparuit.

341 3685 420 3747 Item
437 3705 532 3747 causa
557 3686 703 3749 Barnabe
727 3688 901 3750 sacerdotis
933 3702 1043 3750 contra
1068 3687 1248 3748 Fabianum
1271 3684 1434 3747 literatum
1458 3683 1499 3744 ad

235 3792 374 3872 primum
399 3790 555 3871 judicium
579 3792 619 3853 ad
643 3813 755 3875 pacem
778 3808 825 3856 est
849 3807 985 3876 recepta.

344 3915 422 3977 Item
448 3936 541 3976 causa
567 3916 660 3978 Judei
693 3930 802 3978 contra
835 3917 1018 3999 Bedycham
1043 3917 1082 3978 ad
1115 3917 1256 3998 primunt
1279 3915 1435 3997 judicium
1459 3914 1499 3975 ad

233 4040 346 4102 pacem
371 4033 417 4081 est
440 4035 576 4103 recepta.

342 4127 419 4188 Item
445 4125 612 4209 Philippus
636 4127 720 4189 filius
738 4128 841 4189 Mauri
866 4143 976 4189 contra
1001 4129 1139 4189 Judeum
1167 4128 1271 4209 prImo
1296 4127 1409 4188 citatus
1433 4145 1499 4187 non

235 4234 424 4315 comparuit.

342 4339 420 4400 Item
445 4339 563 4400 Paulus
586 4340 689 4422 pictor
713 4340 745 4400 in
769 4340 874 4422 primo
907 4340 1027 4421 judicio
1058 4360 1114 4422 per
1139 4340 1348 4402 Salomonem
1372 4339 1499 4400 arestari

236 4444 341 4522 dubet,
366 4445 454 4525 quod
478 4446 537 4506 sibi
563 4445 603 4508 de
627 4444 710 4506 lacto
736 4446 832 4507 unius
855 4445 976 4507 tunelle
999 4445 1065 4506 vini
1088 4446 1170 4506 inter
1194 4444 1333 4506 eundem
1359 4445 1496 4506 Paulum

235 4563 266 4610 et
289 4547 481 4629 Iohannem,
505 4550 545 4611 ad
570 4569 665 4631 quern
691 4571 724 4612 sc
749 4552 815 4633 ipse
838 4564 943 4633 partes
967 4551 1206 4613 commiserunt.

341 4671 419 4734 Item
444 4674 582 4736 Iacobus
606 4675 732 4737 institor
757 4676 851 4737 Petro
875 4674 998 4737 famulo
1022 4675 1148 4737 Nicolai
1173 4675 1321 4737 Delasich
1346 4695 1404 4758 pro
1428 4675 1499 4738 vul·

235 4793 310 4837 nere
335 4796 394 4838 suo
417 4778 561 4860 plenarie
584 4779 731 4861 inpendit
756 4779 1022 4843 satisfaccionem.
