3472 5234
640 308 843 389 Ann01388.
871 346 909 355 -
934 327 986 390 24.
1002 315 1154 390 sanuarii.

367 522 445 586 Item
471 523 621 585 dominus
644 523 782 586 vicarius
805 536 915 585 contra
939 524 1049 585 Silam
1072 524 1177 606 primo
1210 524 1324 586 citatus
1347 543 1413 586 non
1438 544 1525 587 com·

262 629 378 710 paruit.

366 735 445 797 Item
469 735 556 797 idem
579 736 716 798 vicarius
734 749 842 797 contra
860 735 1025 798 Thomam
1048 736 1186 817 juratum
1203 737 1309 820 prImo
1326 736 1441 800 citatus
1457 756 1524 798 non
1564 821 1567 825 .

261 841 450 923 comparuit.

367 948 445 1010 Item
464 947 633 1031 Gyaninus
648 962 757 1010 contra
774 948 983 1010 Valentinum
1000 949 1105 1031 primo
1124 950 1238 1011 citatus
1255 969 1320 1011 non
1335 949 1525 1032 comparuit.

367 1054 445 1116 Item
470 1054 572 1116 Malar
595 1068 704 1116 contra
729 1055 900 1117 Nicolaum
933 1055 1038 1138 palmo
1061 1056 1175 1117 citatus
1199 1075 1263 1117 non
1289 1055 1480 1139 comparuit.

367 1161 445 1223 Item
474 1182 567 1223 causa
592 1161 747 1223 Anthonii
774 1161 873 1223 Renis
905 1175 1014 1224 contra
1039 1163 1207 1224 Marenum
1232 1182 1335 1245 usque
1360 1176 1435 1225 octo
1458 1162 1527 1225 dIes

261 1279 308 1329 est
332 1281 513 1350 prorogata.

368 1373 445 1435 Item
459 1374 570 1436 Petrus
587 1373 727 1435 decanus
740 1387 849 1435 contra
867 1373 952 1435 Iwan
965 1374 1107 1436 secundo
1124 1375 1237 1436 citatus
1251 1394 1316 1436 non
1333 1374 1525 1457 comparuit.

366 1479 444 1541 Item
470 1480 626 1542 Martiana
649 1479 744 1542 Tuba
769 1494 799 1541 et
823 1481 934 1542 Petrus
965 1480 1004 1542 de
1029 1481 1199 1544 Branouch
1231 1493 1340 1543 contra
1366 1481 1525 1564 Delasych

263 1584 367 1667 primo
393 1586 477 1647 citati
504 1604 569 1647 non
593 1599 851 1668 comparuerunt.

366 1691 445 1753 Item
474 1691 636 1753 Iohannes
660 1692 785 1755 Institor
809 1693 899 1774 niger
923 1692 963 1754 de
980 1691 1063 1755 facto
1083 1693 1250 1755 culusdam
1273 1693 1321 1755 sui
1346 1691 1449 1769 fundi,
1469 1693 1527 1775 qui

262 1795 381 1859 fundus
405 1797 486 1881 Elye
509 1799 597 1881 parvi
623 1797 801 1880 prefuisset,
825 1818 899 1860 cum
928 1799 1028 1861 Paulo
1052 1800 1174 1882 pictore
1198 1799 1296 1862 nichil
1321 1798 1418 1861 habet
1442 1798 1521 1880 quid

260 1904 439 1984 specialiter
464 1925 568 1987 neque
593 1923 776 1968 commune.

366 2010 443 2072 Item
479 2011 653 2092 AgustInus
687 2011 835 2073 sacerdos
869 2025 979 2073 contra
1016 2012 1145 2074 Petrum
1177 2012 1282 2095 primo
1313 2011 1427 2074 citatus
1461 2030 1525 2072 non

261 2117 449 2198 comparuit.

366 2221 444 2284 Item
470 2223 557 2304 quod
582 2223 656 2305 quia
682 2223 820 2285 Iwanam
843 2223 1011 2286 mulierem
1038 2224 1118 2287 Kele
1142 2224 1331 2302 verberavit,
1356 2223 1430 2286 ideo
1455 2224 1522 2306 ipse

261 2327 340 2388 Kele
365 2328 470 2390 eidem
495 2349 596 2410 usque
621 2329 800 2410 quiadenas
825 2330 968 2412 quiaque
993 2350 1114 2392 marcas
1138 2331 1263 2393 solvere
1288 2330 1393 2392 debet.

327 2561 421 2636 IerIa
452 2569 558 2638 tercia
586 2574 663 2656 post
690 2567 813 2639 festum
841 2567 1017 2639 beatorum
1045 2564 1181 2640 Fabiani
1211 2576 1245 2640 et
1272 2568 1462 2640 sebastiani

796 2695 988 2763 martirum.

774 2863 837 2937 (21.
852 2862 1015 2939 januarii).

367 3016 465 3090 Quod
483 3019 557 3099 quia
575 3018 683 3079 relicta
707 3018 861 3101 Zekyrich
887 3038 942 3101 per
966 3032 1060 3081 testes
1084 3019 1116 3081 Id
1141 3019 1374 3100 comprobavit,
1399 3033 1434 3080 ut
1458 3020 1524 3101 Ipse

261 3122 415 3204 Zekyrich
440 3121 594 3204 (hlortum
610 3142 715 3202 suum,
739 3127 850 3185 subtus
874 3125 1001 3185 vlneam
1018 3124 1175 3203 habitum,
1199 3125 1259 3186 sibi
1284 3124 1429 3204 legasset,
1448 3125 1522 3187 ideo

261 3227 365 3309 ipsum
390 3227 543 3310 (hIortum
568 3228 674 3290 eidem
698 3228 829 3290 domine
853 3229 1119 3309 adjudicavimus.

367 3353 445 3416 Item
471 3354 572 3416 Malar
595 3368 705 3416 contra
730 3354 902 3416 Nicolaum
934 3353 1011 3416 feria
1035 3369 1121 3416 sexta
1146 3354 1362 3437 respondebit.

368 3460 444 3522 Item
477 3461 596 3523 Paulus
627 3461 770 3523 literatus
803 3460 881 3523 feria
911 3475 997 3523 sexta
1027 3481 1084 3544 per
1113 3461 1239 3544 Remph
1272 3482 1308 3523 ac
1340 3475 1526 3524 consortem

262 3566 344 3627 Petri
370 3567 457 3648 longi
489 3587 525 3629 ac
557 3567 663 3650 ipsum
692 3566 753 3629 hoc
784 3567 941 3647 atestabit,
973 3566 1061 3649 quod
1092 3567 1197 3650 ipsum
1230 3587 1310 3630 uxor
1336 3567 1463 3630 Endree
1493 3568 1525 3629 in

261 3686 372 3753 treuga
397 3673 616 3755 vituperasset.

367 3778 444 3840 Item
477 3779 587 3841 Maren
620 3798 720 3861 usque
753 3779 838 3841 diem
869 3779 1067 3861 carnisprivii
1100 3778 1266 3840 Anthonio
1302 3779 1389 3842 dicto
1427 3780 1528 3841 Renis

262 3904 314 3946 sex
340 3884 408 3947 flor.
434 3886 557 3948 solvere
582 3886 688 3949 debet.

684 4120 782 4196 Feria
809 4130 907 4196 sexta
940 4124 1103 4214 sequenti.

774 4291 841 4373 (24.
857 4292 1027 4374 J‘rtnuan't).

370 4454 447 4515 Item
472 4472 567 4513 causa
592 4451 716 4513 Nicolai
741 4465 851 4512 contra
869 4451 970 4513 Malar
994 4450 1034 4513 ad
1060 4450 1171 4512 leriam
1187 4449 1319 4512 terciam
1343 4468 1429 4510 nunc
1447 4468 1524 4511 ven·

263 4573 365 4621 turam
391 4560 431 4621 ad
456 4578 568 4641 pacem
593 4572 638 4619 est
662 4572 798 4640 recepta.

370 4666 447 4727 Item
472 4663 551 4746 (per)
575 4677 669 4727 testes
694 4648 836 4745 magistri
860 4662 952 4724 Pauli
974 4682 1067 4725 causa
1093 4662 1192 4745 ipsius
1216 4674 1324 4724 contra
1350 4660 1458 4722 Endre
1481 4660 1523 4722 ad

265 4770 376 4834 leriam
402 4771 532 4833 terciam
557 4769 596 4831 ad
621 4789 732 4852 pacem
757 4783 805 4830 est
828 4782 966 4850 recepta.
