3472 5234
636 358 832 434 Ann0.1375.
856 392 899 401 -
925 355 955 418 6.
979 361 1089 419 martii.
1476 382 1496 442 7

1176 467 1250 472 κ..-
1267 468 1299 473 --
1334 468 1496 475 ..η--

235 566 323 649 quod
347 585 449 628 unum
470 566 635 629 hominem
661 567 852 650 Kapronche
876 569 1041 649 quoddam
1065 583 1210 651 ternpore
1234 571 1400 633 occidisset
1424 592 1496 633 curn

235 672 375 755 quadam
398 675 511 736 securi.
538 710 578 720 —
603 674 681 735 Item
703 673 844 757 prefatus
868 673 1029 736 Iohannes
1053 688 1099 738 est
1115 675 1279 737 confessus
1302 677 1448 739 similiter
1465 678 1496 737 in

233 792 407 860 tormento,
427 793 462 842 ut
479 781 584 863 ipsum
601 781 749 842 Markum
773 781 1000 843 stacionarium
1019 801 1076 864 per
1093 781 1358 844 informacionem
1383 782 1496 865 prefati

235 885 365 969 Mathey
390 885 598 948 interfecisset
621 906 694 948 cum
726 886 865 968 quadam
890 888 1003 966 securi,
1028 901 1059 949 et
1092 906 1165 948 cum
1189 888 1363 949 semivivus
1386 886 1497 950 fuisset

234 991 338 1055 dictus
362 993 453 1054 Marlr
486 1012 559 1054 cum
592 992 708 1054 eodem
741 993 844 1054 securi
875 993 981 1076 ipsum
1005 993 1045 1055 ad
1081 1006 1218 1055 mortem
1243 993 1430 1055 affecissent.
1457 1031 1496 1038 -

233 1096 312 1160 Item
336 1097 478 1181 prefatus
501 1099 614 1162 Petrus
637 1098 698 1161 fuit
721 1099 884 1161 confessus
908 1100 940 1160 in
970 1100 1085 1161 eodem
1109 1112 1282 1178 tormento,
1307 1100 1394 1180 quod
1413 1101 1498 1182 ipsos

233 1201 437 1266 informasset
460 1225 566 1286 neque
591 1206 735 1287 equitare
759 1226 817 1267 nec
842 1205 942 1267 dIctas
966 1226 1015 1267 res
1032 1219 1194 1288 asportare
1219 1205 1360 1267 dedisset
1382 1206 1426 1266 sic
1451 1206 1497 1266 di·

234 1328 324 1373 cens:
350 1330 503 1393 expensas
526 1311 688 1394 recipiatis
712 1325 743 1374 et
767 1311 899 1392 vadatis,
923 1312 986 1374 alia
1014 1325 1121 1373 autem
1146 1313 1230 1374 bona
1256 1313 1286 1373 in
1312 1312 1498 1372 nemoribus

233 1417 389 1478 absconsa
412 1431 443 1479 et
465 1416 608 1500 predicta
632 1420 717 1480 bona
741 1417 781 1478 ad
806 1437 863 1478 vos
887 1421 1022 1499 portabo
1047 1438 1126 1498 quas
1150 1418 1315 1479 dimisistis
1336 1417 1421 1498 apud
1447 1437 1497 1477 me

233 1521 301 1584 sine
326 1521 478 1605 dampno.
501 1559 546 1569 -
569 1523 647 1585 Item
673 1521 751 1585 feria
775 1537 860 1585 sexta
893 1524 1038 1605 proxima
1063 1537 1135 1585 ante
1168 1522 1284 1585 festum
1310 1523 1392 1584 beati
1419 1522 1498 1584 Gre-

232 1628 314 1710 gorii
338 1648 420 1711 pape
443 1648 501 1711 per
523 1628 675 1710 judicem,
699 1629 820 1711 juratos
841 1642 872 1690 et
895 1642 995 1691 totam
1020 1629 1285 1691 communitatem
1309 1628 1414 1689 taliter
1439 1626 1499 1689 fuit

234 1733 273 1795 de
297 1734 460 1817 premissis
491 1734 752 1797 malefactoribus
782 1754 838 1797 seu
863 1736 950 1796 necis
984 1736 1256 1818 perpetratoribus
1280 1733 1497 1814 adjudicatum

235 1854 265 1902 et
289 1839 474 1920 diffinitum,
498 1840 587 1923 quod
611 1841 717 1923 ligatis
740 1840 877 1923 pedibus
912 1854 943 1902 et
966 1842 1115 1902 manibus
1140 1841 1172 1902 in
1203 1840 1313 1902 caudis
1338 1860 1496 1922 equorum

233 1965 291 2029 per
314 1946 479 2008 universas
510 1947 631 2030 plateas
666 1947 802 2010 civitatis
837 1960 942 2008 nostre
978 1947 1191 2009 habitacionis
1223 1946 1433 2024 traherentur,
1468 1959 1498 2006 et

235 2051 367 2114 demum
392 2052 451 2114 sub
476 2053 588 2115 eculeo
613 2054 750 2135 quilibet
773 2053 916 2135 ipsorum
933 2072 990 2135 per
1012 2066 1152 2115 tortorea
1177 2052 1216 2112 ad
1241 2053 1302 2113 hoc
1326 2052 1496 2133 deputatos

233 2157 273 2220 ad
305 2171 444 2239 quatuor
475 2159 581 2242 pecias
612 2172 837 2237 mactarentur,
869 2172 901 2221 et
931 2160 975 2220 sic
1007 2160 1073 2241 ipse
1106 2159 1193 2241 pecie
1227 2173 1257 2220 et
1281 2158 1400 2219 securis
1424 2176 1496 2219 cum

234 2283 300 2346 quo
324 2263 492 2327 dominum
518 2265 660 2348 ipsorum
693 2266 884 2327 occidissent
916 2279 946 2327 et
976 2266 1035 2347 ipsi
1060 2264 1187 2326 mactati
1221 2265 1252 2326 in
1278 2265 1423 2347 patibulo
1447 2283 1498 2325 su-

233 2370 473 2453 spenderentur,
490 2372 523 2433 in
538 2371 648 2433 medio
673 2391 750 2433 vero
763 2372 892 2433 Petrum
909 2370 1068 2453 prefatum
1094 2384 1351 2432 conservatorem
1370 2362 1497 2430 illarum

233 2495 356 2553 rerum;
380 2475 469 2559 quod
493 2492 523 2539 et
546 2476 667 2540 factum
690 2476 749 2539 fuit
772 2478 866 2559 plene
892 2492 923 2538 et
946 2476 1096 2560 perfecte.

460 2717 605 2789 Sabbata
635 2720 787 2807 proximo
817 2725 895 2789 ante
923 2717 1046 2788 festum
1074 2718 1271 2805 predlctum.

540 2838 759 2930 ldjudicaclo
788 2845 1007 2931 antiquorum
1031 2842 1191 2929 judicum.

773 2992 816 3074 (3.
840 2995 962 3068 martii).

337 3133 415 3196 Item
448 3132 601 3196 Crisanus
636 3154 694 3216 pro
731 3134 923 3214 quibusdam
956 3132 1124 3194 medicinis
1155 3132 1275 3194 Iacobo
1307 3129 1433 3191 medico
1466 3131 1498 3190 in

233 3239 404 3320 quindenis
418 3239 490 3301 XIII
504 3239 573 3303 flor.
590 3241 657 3302 auri
675 3241 858 3323 persolvere
875 3240 1016 3318 debebit,
1033 3239 1107 3319 quia
1125 3238 1228 3299 dictus
1242 3237 1394 3299 Crisanus
1411 3234 1496 3296 testi·

233 3345 343 3407 monio
368 3346 591 3428 comprobavit
614 3360 648 3408 ut
664 3360 887 3429 assumpserat,
912 3344 1000 3427 quod
1023 3346 1160 3406 Iacobus
1184 3344 1327 3405 medicus
1350 3356 1495 3423 tempore

233 3452 342 3516 debito
365 3467 488 3536 septem
511 3454 634 3515 vicibus
658 3466 789 3515 vocatus
812 3452 853 3513 ad
876 3451 1104 3514 medicandum
1135 3470 1200 3512 non
1225 3462 1362 3511 curasset
1387 3448 1494 3508 venire

233 3577 366 3621 uxorem
389 3560 488 3642 ipsius
512 3559 655 3636 Crisani3
680 3558 802 3621 dictum
821 3572 927 3620 autem
953 3557 1050 3620 eifum
1077 3558 1143 3638 ipse
1160 3555 1304 3618 medicus
1328 3555 1494 3616 restituere

234 3665 372 3747 quesivit
395 3665 529 3747 posteris
553 3684 633 3748 per.
652 3711 685 3727 ..

406 3863 502 3940 Faria
529 3870 636 3939 fercla
663 3870 818 3958 proxima
846 3872 922 3956 post
948 3867 1072 3938 festum
1100 3870 1307 3935 annotatum.

767 4018 811 4096 (6.
834 4019 959 4096 martii).

338 4163 447 4225 Primo
471 4182 565 4225 causa
589 4162 714 4225 Crisani
739 4175 769 4223 et
793 4163 903 4223 Maren
928 4174 974 4222 est
997 4180 1053 4242 per
1071 4159 1241 4220 Micusium
1266 4157 1306 4219 ad
1330 4170 1403 4218 octo
1427 4155 1495 4216 dies

234 4283 359 4352 recepta
384 4269 425 4332 ad
447 4289 570 4352 pacem.
652 4286 656 4292 ·

338 4375 418 4439 Item
442 4396 535 4438 causa
559 4376 697 4438 Vidonis
718 4375 846 4437 sartoris
863 4388 894 4437 et
917 4372 1095 4436 Clementis
1116 4385 1162 4433 est
1186 4391 1242 4453 per
1266 4370 1436 4431 Crisanum
1454 4367 1494 4429 ad

233 4494 306 4546 octo
330 4483 398 4546 dies
421 4496 548 4568 recepta
570 4482 611 4545 ad
633 4502 756 4565 pacem.

340 4590 418 4652 Item
443 4609 536 4651 causa
567 4589 692 4651 Nicolai
726 4602 756 4650 et
780 4588 850 4649 Elie
882 4585 1030 4670 preconis
1054 4583 1163 4646 estad
1195 4596 1267 4643 octo
1292 4582 1360 4642 dies
1384 4600 1492 4662 proro-

234 4708 307 4776 gata
329 4697 370 4758 ad
393 4715 516 4779 pacem.

340 4801 417 4864 Item
442 4800 519 4863 Iuan
543 4819 600 4882 per
623 4798 773 4882 Chiplich
802 4812 833 4861 et
864 4798 970 4861 Mathe
995 4810 1109 4859 octavo
1133 4795 1184 4856 die
1216 4807 1325 4855 contra
1350 4792 1492 4853 reIIctam
