3472 5234
654 377 740 433 Anno
763 369 854 451 1387.
878 409 922 418 -
946 390 972 450 3.
996 375 1155 435 decembris.
1483 373 1543 456 283

388 587 466 649 Item
491 605 585 648 causa
609 585 751 666 magistri
777 585 878 648 Pauli.

388 694 465 754 Item
491 692 665 754 comissarii
690 691 827 753 condam
855 690 954 753 Marci
985 689 1041 752 filii
1067 689 1194 753 lvlikech
1223 703 1333 753 contra
1358 690 1545 771 magistrum

281 801 418 862 Paulum
443 813 557 861 octavo
582 798 635 860 die
660 797 911 880 respondebunt.

388 907 465 968 Item
491 906 701 987 Dragozlaus,
726 906 811 966 Luca
835 903 952 982 decan,
977 903 1130 964 Nicolaus
1161 901 1301 964 carnifex
1325 915 1435 964 contra
1460 902 1542 962 Lau-

282 1014 426 1076 rencium
450 1013 555 1096 primo
587 1011 673 1073 citati
698 1030 762 1072 non
788 1022 1047 1093 comparuerunt.

386 1119 464 1181 ltem
488 1118 544 1181 Sih
577 1117 703 1178 Endree
735 1130 845 1178 contra
878 1116 1064 1196 magistrum
1097 1114 1234 1177 Paulum
1267 1129 1380 1177 octavo
1414 1114 1466 1177 die
1499 1134 1544 1176 re-

282 1225 464 1309 spondebit.

390 1332 468 1393 ltem
495 1350 592 1392 unam
616 1344 761 1412 quartam
785 1329 871 1390 curie
895 1343 927 1390 et
943 1329 1148 1392 medietatem
1173 1328 1338 1390 cuiusdam
1357 1342 1438 1391 terre
1464 1328 1546 1389 Mar·

283 1438 413 1521 garethe
438 1436 503 1499 filie
527 1437 613 1498 lwan
637 1435 912 1518 adjudicaverunt.

388 1544 465 1605 ltem
490 1543 575 1604 lwan
594 1541 785 1605 Chudauich
802 1554 916 1604 octavo
941 1541 992 1603 die
1009 1542 1151 1603 secundo
1176 1561 1208 1602 se
1234 1560 1392 1624 supereo
1417 1540 1545 1621 jurabit,

283 1649 371 1730 quod
396 1650 507 1711 Petrus
531 1648 670 1710 decanus
694 1647 754 1709 sibi
787 1647 1032 1730 quatuordecim
1057 1647 1183 1710 cubulis
1207 1648 1285 1726 vini,
1310 1647 1465 1728 nonginta
1491 1647 1546 1708 de·

285 1756 381 1817 nariis
406 1756 532 1817 debitor
556 1756 670 1817 existit.

387 1861 465 1924 Item
491 1859 598 1924 Maleo
631 1862 716 1922 Luce
748 1859 889 1921 secundo
921 1880 953 1922 se
984 1874 1098 1922 octavo
1132 1860 1184 1922 die
1219 1880 1313 1941 super
1346 1879 1384 1922 eo
1419 1859 1547 1940 jurabit,

284 1968 371 2049 quod
397 1969 464 2051 ipse
489 1988 527 2030 eo
551 1982 707 2049 tempore,
733 1986 798 2048 quo
823 1966 986 2047 quandam
1015 1966 1185 2049 pecuniam
1213 1965 1352 2027 lohanni
1376 1964 1443 2028 filio
1468 1966 1547 2028 Bole

282 2074 438 2152 solvisset,
471 2093 536 2135 non
561 2070 632 2156 plus
664 2073 724 2134 nisi
760 2072 1053 2134 sextamdimidiam
1084 2091 1216 2155 pensam
1248 2072 1454 2133 denariorum
1489 2090 1547 2154 pro

284 2200 349 2241 uno
373 2179 497 2242 floreno
521 2180 589 2241 auri
615 2179 690 2241 dare
725 2179 837 2240 solitus
869 2177 989 2257 luisset,
1014 2191 1045 2240 et
1076 2179 1143 2261 ipse
1173 2178 1335 2240 lohannes
1359 2198 1456 2261 super
1480 2178 1547 2260 ipsa

282 2286 449 2348 solucione
474 2299 644 2348 contentus
669 2284 788 2347 luisset.

391 2392 468 2454 ltem
481 2412 575 2454 causa
597 2393 729 2453 Zakarie
743 2404 853 2453 contra
867 2390 1053 2474 Gyaninum
1071 2390 1111 2452 ad
1128 2404 1201 2451 octo
1219 2390 1288 2452 dies
1302 2404 1347 2451 est
1365 2403 1546 2472 prorogata.

389 2499 468 2560 ltem
493 2498 614 2560 ludeus
638 2510 748 2560 contra
772 2496 926 2559 Mathiam
951 2497 1056 2580 primo
1086 2497 1200 2558 citatus
1224 2515 1289 2557 non
1314 2496 1503 2576 comparuit.

391 2606 467 2665 ltem
486 2604 655 2687 Gyaninus
673 2605 742 2665 Bon
766 2617 880 2665 octavo
898 2602 949 2663 die
970 2603 1069 2663 tercio
1092 2621 1125 2663 se
1141 2621 1235 2683 super
1253 2620 1291 2662 eo
1316 2602 1442 2682 jurabit,
1459 2601 1548 2683 quod

283 2711 350 2791 ipse
375 2709 510 2771 Nicolao
536 2710 738 2791 Lipouschalr
763 2708 833 2790 (est)
859 2709 890 2770 in
915 2709 1067 2769 omnibus
1092 2709 1246 2769 innocens
1270 2707 1407 2790 penitus.

390 2815 468 2877 ltem
485 2816 612 2877 Mikech
638 2829 747 2877 contra
773 2815 913 2877 eundem
931 2814 1102 2876 Nicolaum
1126 2828 1240 2876 octavo
1258 2814 1310 2875 die
1328 2814 1548 2896 respondebit.

345 3030 442 3105 Faria
471 3037 577 3106 tercia
606 3037 761 3124 proxima
789 3042 866 3122 post
893 3035 1015 3106 festum
1044 3034 1134 3106 beati
1164 3031 1293 3105 hadrae
1324 3035 1480 3122 apostoli.

797 3188 840 3264 (3.
864 3187 1038 3265 decembris).

391 3327 468 3388 ltem
500 3327 609 3388 Bartol
643 3325 787 3388 Gallicus
818 3338 929 3388 contra
961 3326 1157 3388 Hanslinum
1188 3327 1294 3408 primo
1333 3327 1445 3389 citatus
1483 3346 1548 3389 non

284 3433 474 3514 comparuit.

391 3539 468 3601 ltem
502 3539 657 3602 Martinus
690 3554 799 3602 contra
832 3538 1034 3601 Anthonium
1066 3539 1165 3601 Renis
1200 3539 1304 3622 primo
1337 3538 1451 3601 citatus
1483 3558 1548 3600 non

284 3646 474 3728 comparuit.

391 3751 469 3813 ltem
494 3752 644 3813 Marenus
668 3766 777 3813 contra
803 3752 971 3815 Elizabeth
998 3753 1103 3836 primo
1128 3753 1242 3815 citatus
1266 3771 1330 3814 non
1358 3751 1548 3834 comparuit.

388 3857 468 3920 Item
491 3858 675 3941 Matheylro,
704 3857 817 3941 Cygan
843 3873 874 3920 et
898 3860 1016 3921 Paulus
1039 3857 1203 3921 carnifices
1234 3872 1343 3920 contra
1368 3858 1546 3938 Georgium

284 3964 436 4046 pistorem
460 3964 603 4026 secundo
628 3965 713 4027 citati
732 3984 796 4027 non
824 3980 1083 4048 comparuerunt.

391 4071 468 4132 ltem
493 4070 702 4150 Dragozlaus,
729 4071 817 4133 Lulra
843 4083 874 4132 et
898 4069 1011 4154 Cygan
1035 4085 1145 4133 contra
1167 4071 1382 4132 Laurencium
1407 4069 1550 4132 secundo

285 4176 370 4239 citati
395 4196 461 4238 non
485 4190 744 4258 comparuerunt.

391 4283 469 4344 ltent
494 4283 675 4365 Stephanus
699 4283 839 4346 salivena
871 4296 981 4345 contra
1007 4284 1072 4366 Syb
1097 4283 1202 4365 primo
1226 4283 1339 4343 citatus
1362 4301 1428 4342 non
1463 4301 1549 4343 com·

285 4391 400 4474 paruit.

392 4496 468 4558 ltem
498 4495 645 4579 Mathyaa
669 4510 778 4558 contra
812 4493 918 4557 Mathe
952 4495 1094 4558 secundo
1128 4495 1243 4557 citatus
1268 4514 1332 4556 non
1361 4493 1550 4576 comparuit.

391 4602 469 4664 ltem
494 4621 587 4664 causa
612 4603 694 4665 inter
717 4601 872 4663 vicarium
896 4615 928 4663 et
950 4601 1149 4664 Peterlinum
1174 4586 1275 4683 usque
1300 4600 1441 4684 primum
1467 4598 1549 4680 judi·

286 4708 370 4769 cium
396 4721 442 4768 est
465 4722 636 4791 prorogata
661 4729 700 4771 eo
724 4707 834 4786 modo,
858 4720 893 4770 ut
916 4708 984 4770 sine
1017 4708 1161 4772 ulteriori
1187 4708 1440 4790 prolongacione
1466 4707 1548 4769 inter

285 4813 369 4896 ipsas
392 4827 496 4897 partes
520 4813 645 4895 justicia
669 4813 733 4877 fiet.
