3472 5234
651 313 852 392 Ann01378.
879 349 918 359 —
943 330 974 393 4.
999 317 1085 376 ninii.
1441 333 1498 394 125

341 527 419 589 ltem
443 527 602 590 Renarius
624 526 833 588 stacionarius
861 527 1105 608 quintodecimo
1131 526 1182 589 die
1215 525 1285 590 festi
1311 527 1395 589 beati
1420 526 1500 589 Gre-

234 633 329 716 gorii*
343 653 427 716 pape
450 652 590 695 unacum
614 633 758 714 Boleneg
781 633 1091 712 sacerdote-jurabit,
1117 633 1206 714 quod
1230 633 1316 694 idem
1341 633 1501 695 Renarius

235 739 342 802 eidem
374 736 519 820 Boleneg
549 738 705 801 sacerdoti
737 759 832 821 super
863 739 965 801 tribus
998 739 1151 802 calicibus
1175 753 1206 800 et
1237 759 1337 801 unum
1371 741 1501 820 librum,

236 845 448 928 quadraginta
471 845 540 908 flor.
565 846 633 908 auri
657 859 688 907 et
711 846 769 907 XV
794 865 915 908 marcas
936 845 1143 908 denariorum
1167 847 1375 909 concessisset
1403 847 1501 929 prius,

236 965 410 1033 antequam
435 952 502 1034 ipsa
527 954 611 1014 bona
635 951 796 1033 prohibita
827 952 1003 1014 extitissent
1035 972 1092 1035 per
1123 953 1275 1015 comitem
1300 952 1341 1014 de
1368 953 1501 1035 Blagay,

237 1058 327 1119 omni
349 1058 398 1120 liti
423 1072 455 1119 et
477 1057 638 1139 questioni
662 1058 882 1120 renuntiando
907 1071 993 1120 etse
1022 1057 1221 1140 pacificando
1246 1078 1306 1140 pro
1330 1058 1502 1141 premissis.

343 1164 421 1226 Item
446 1184 539 1226 causa
565 1163 698 1245 Georgii
722 1177 753 1225 et
778 1163 880 1226 Curse
904 1179 950 1226 est
974 1184 1030 1246 per
1051 1165 1223 1227 Nicolaum
1248 1166 1456 1247 Kunspergar
1472 1178 1504 1226 et

237 1270 338 1331 alium
363 1270 534 1332 Nicolaum
560 1270 598 1331 ad
624 1284 697 1332 octo
722 1270 791 1332 dies
813 1285 941 1352 recepta
965 1271 1005 1332 ad
1030 1290 1152 1353 pacem.

345 1375 424 1437 ltem
449 1375 625 1458 Dyonisius
648 1389 737 1438 sutor
761 1389 870 1438 contra
893 1375 1029 1439 luanum
1062 1390 1177 1439 octavo
1209 1376 1262 1437 die
1285 1375 1504 1459 respondebit.

346 1482 426 1543 Item
450 1481 618 1543 Elizabetb
648 1481 764 1543 mulier
794 1495 909 1543 octavo
941 1482 993 1543 die
1018 1501 1052 1544 se
1084 1481 1224 1544 secunda
1256 1481 1374 1562 jurabit
1398 1482 1430 1542 in
1454 1499 1505 1560 co,

240 1587 330 1669 quod
354 1587 422 1669 ipsa
448 1587 610 1668 quandam
635 1607 764 1649 vaccam
793 1607 866 1649 cum
901 1587 1030 1669 propria
1062 1589 1199 1670 pecunia
1230 1601 1444 1670 comparasset
1474 1601 1506 1650 et

241 1694 344 1775 ipsam
365 1713 495 1755 vaccam
520 1693 625 1755 eidem
651 1693 819 1757 Elizabeth
843 1693 918 1754 dare
942 1693 1081 1770 debent;
1117 1693 1219 1777 ipsam
1243 1708 1352 1757 autem
1376 1713 1505 1756 causam

242 1799 396 1861 Nicolaus
419 1797 586 1861 familiaris
609 1800 746 1861 condam
764 1800 924 1862 Francisci
941 1799 1133 1881 suffraganei
1158 1801 1197 1862 ad
1214 1801 1366 1882 antiquos
1384 1799 1506 1880 judices

242 1906 416 1989 appellavit
440 1906 478 1967 ad
504 1907 672 1968 sabbatum
696 1926 781 1968 nunc
799 1907 979 1984 instantem,
1004 1908 1079 1988 quia
1105 1909 1273 1986 asserebat,
1298 1907 1388 1988 quod
1412 1906 1504 1968 matri

240 2032 296 2074 sue
336 2013 439 2094 ipsam
470 2013 640 2095 pecuniam
671 2012 878 2094 assignasset,
904 2032 962 2095 pro
987 2033 1050 2094 qua
1083 2014 1185 2095 ipsam
1216 2032 1347 2075 vaccam
1377 2031 1506 2093 compa-

243 2132 374 2180 rassent.

345 2222 423 2285 ltem
448 2224 628 2306 Stephanus
643 2225 791 2287 atestabit
814 2223 891 2286 leria
907 2225 1005 2287 tercia
1025 2244 1081 2306 per
1105 2226 1243 2288 Paulum
1268 2225 1507 2288 mercenarium

243 2329 414 2391 Nicolaum
432 2328 556 2392 Odolas
568 2342 600 2391 et
612 2328 802 2392 familiarem
821 2332 917 2410 Luce,
930 2332 986 2412 qui
1003 2331 1167 2412 quendam
1184 2334 1300 2394 bovem
1318 2331 1507 2393 scoriarum.

347 2435 425 2497 ltem
449 2436 525 2496 luan
550 2449 660 2497 contra
686 2436 820 2498 luanum
844 2438 987 2499 secundo
1011 2437 1126 2499 citatus
1152 2457 1218 2499 non
1246 2436 1438 2519 comparuit.

291 2670 388 2746 Faria
418 2677 523 2748 tercia
551 2677 705 2765 proxima
733 2684 810 2765 post
836 2676 959 2746 festum
978 2675 1187 2746 Inveneionis
1215 2682 1332 2746 sancte
1360 2677 1482 2747 erucis.

789 2825 836 2908 (4.
860 2830 951 2904 nzaii).

351 2967 459 3028 Primo
483 2967 620 3029 Mathias
643 2967 869 3049 stipendiarius
892 2981 1002 3029 contra
1019 2967 1162 3029 Blasium
1186 2967 1315 3029 racione
1342 2965 1509 3028 cuiusdam

244 3073 317 3135 libri
341 3093 435 3135 suum
459 3087 494 3135 ut
517 3073 629 3136 debuit
651 3073 860 3155 solempniter
883 3073 1032 3155 deposuit
1055 3072 1283 3154 juramentum.

351 3180 429 3241 ltem
462 3180 564 3240 Lucas
598 3178 682 3241 filius
717 3179 820 3240 Draxe
853 3179 954 3241 Paulo
987 3180 1096 3262 Kypar
1135 3179 1168 3240 in
1199 3177 1373 3260 quindenis
1412 3196 1510 3238 unam

246 3304 385 3347 marcam
410 3284 552 3347 exsolvet
575 3284 650 3365 quia
670 3303 726 3366 per
750 3284 870 3346 Lucam
895 3284 1081 3367 selliparum
1106 3299 1137 3347 et
1154 3285 1310 3347 Jacobum
1339 3281 1511 3365 pellificem

246 3391 400 3454 atestavit.

352 3497 432 3559 ltem
467 3496 619 3558 Nicolaus
654 3497 867 3558 Zrebemicha
900 3510 1010 3558 contra
1042 3496 1219 3579 Symonem
1254 3495 1360 3578 primo
1399 3495 1513 3556 citatus

247 3623 313 3665 non
338 3603 527 3685 comparuit.

354 3709 431 3771 ltem
455 3708 535 3770 dum
559 3708 712 3770 Lucasius
735 3723 922 3789 procurator
939 3708 1148 3770 dominorum
1172 3706 1211 3768 de
1236 3707 1358 3789 Blagay
1385 3726 1459 3768 cum
1475 3705 1512 3767 li·

246 3815 323 3877 teris
356 3815 517 3896 regalibus
547 3815 579 3875 in
616 3828 755 3876 nostram
791 3814 900 3877 sedem
931 3814 1133 3896 judiciariam
1173 3814 1310 3876 venisset
1346 3812 1387 3874 ad
1424 3831 1513 3895 repe·

247 3920 362 3982 tendos
385 3921 499 3982 calices
522 3940 603 4001 quos
627 3920 770 4002 Boleneg
792 3920 941 3982 sacerdos
965 3921 1210 4004 inpignorasset,
1235 3939 1311 3981 mox
1335 3919 1425 3982 idern
1448 3919 1511 3980 Bo·

248 4025 365 4107 lenegh
390 4025 538 4087 sacerdos
569 4026 709 4088 eundem
734 4027 855 4088 Lucam
887 4027 993 4089 verbis
1024 4027 1172 4108 turpibus
1202 4023 1307 4087 affecit
1332 4039 1364 4087 et
1388 4024 1513 4106 vitupe-

249 4133 341 4194 riosis
365 4132 514 4211 dicendo,
539 4133 627 4214 quod
651 4131 730 4193 false
755 4132 884 4211 diceret,
909 4132 997 4214 quod
1026 4133 1093 4214 ipse
1115 4131 1297 4193 voluntarie
1324 4131 1364 4192 de
1391 4130 1513 4212 Blagay

249 4239 439 4301 recessisset.

355 4345 436 4409 ltem
461 4345 608 4428 Mychael
632 4346 791 4428 Damyani
816 4359 926 4406 contra
950 4344 1028 4405 luan
1053 4342 1218 4405 Korosech
1243 4356 1357 4404 octavo
1382 4341 1434 4401 die
1458 4359 1515 4423 per

251 4451 328 4513 luan
345 4465 376 4513 et
399 4453 535 4514 alterum
553 4452 630 4513 luan
647 4451 805 4529 atestabit,
830 4450 917 4531 quod
935 4451 995 4512 sibi
1013 4449 1157 4531 quodam
1172 4448 1284 4510 fimum
1302 4461 1375 4510 ante
1389 4460 1515 4529 portam

252 4558 438 4621 camificum
462 4558 611 4620 dedisset.

359 4665 437 4726 Item
469 4664 544 4745 quia
578 4663 731 4746 Gyurgek
764 4676 872 4725 noster
910 4662 1052 4723 concivis
1082 4660 1270 4742 Philippum
1301 4658 1406 4721 filium
1437 4655 1516 4719 fisici

253 4784 382 4853 propter
414 4770 668 4832 submersionem
700 4768 749 4830 sui
781 4768 871 4850 pueri
896 4768 927 4828 in
959 4781 1100 4829 nostram
1132 4767 1329 4850 presenciam
1355 4767 1517 4844 citaverat,
