3472 5234
233 278 297 340 2¹4
613 260 700 317 Anno
725 254 813 335 1383.
839 290 878 301 -
902 269 951 334 27.
975 257 1105 316 octobris.

337 470 416 532 Item
442 468 527 530 idem
553 466 713 548 Georgius
737 465 879 528 secundo
902 486 935 529 se
963 479 1078 528 octavo
1109 465 1161 526 die
1185 485 1343 548 supereo
1368 465 1495 546 jurabit,

232 577 320 659 quod
345 577 413 659 ipse
438 573 638 658 Mychaelem
662 572 764 635 lilium
789 572 938 634 Damiani
964 592 1028 633 non
1054 573 1271 653 vituperasset.

339 682 416 744 Item
442 680 589 763 Mychael
613 679 698 742 lilius
723 678 872 740 Damiani
895 698 990 760 super
1014 699 1053 741 eo
1077 693 1191 740 octavo
1216 678 1267 739 die
1292 678 1433 740 secundo
1458 699 1490 739 se

232 789 360 872 jurabit,
385 788 472 870 quod
497 788 564 869 ipse
589 788 725 847 Kursam
751 805 815 846 non
840 786 1049 867 vituperasset
1073 805 1177 866 neque
1204 786 1418 867 percussisset.

268 1005 365 1080 Feria
393 1009 501 1080 tercia
528 1008 683 1096 proxima
712 1012 789 1094 post
816 1004 939 1077 festum
968 1008 1077 1077 sancti
1108 1006 1266 1077 Demetrii
1295 1008 1460 1077 martiris.

756 1157 820 1234 (27.
836 1157 976 1233 octobris).

340 1301 419 1363 Item
444 1297 605 1360 Johannes
629 1296 768 1358 carnifex
801 1309 910 1358 contra
936 1295 1106 1358 Nicolaum
1131 1297 1291 1359 literatum
1325 1297 1429 1378 primo
1456 1298 1497 1358 ci·

233 1420 317 1469 tatus
341 1425 406 1467 non
431 1404 621 1486 comparuit.

341 1512 419 1573 ltem
452 1511 562 1571 Petrus
594 1508 735 1570 famulus
767 1508 923 1591 Delasych
956 1523 1069 1570 octavo
1101 1507 1152 1568 die
1187 1508 1316 1569 Poznan
1348 1523 1378 1570 et
1411 1510 1499 1570 Bank

235 1618 374 1681 condam
390 1617 515 1678 villicos
531 1628 668 1678 statuere
687 1614 791 1693 debet,
817 1627 851 1676 ut
867 1615 933 1696 ipse
950 1616 990 1676 ab
1008 1614 1129 1676 eisdem
1146 1615 1285 1695 quedam
1308 1614 1394 1698 ligna
1412 1635 1498 1676 com·

233 1724 401 1808 paraverit,
426 1735 536 1784 contra
565 1721 689 1785 Crisan.

339 1830 416 1891 ltem
434 1848 527 1890 causa
552 1827 682 1888 domine
707 1845 816 1888 socrus
839 1826 972 1909 Georgii
990 1827 1190 1908 calcariparis
1214 1839 1324 1889 contra
1343 1830 1497 1890 Munkam

234 1937 404 1998 mulierem
427 1934 467 1996 ad
492 1948 640 1995 octavum
662 1933 748 1994 diem
773 1933 813 1992 ad
838 1952 948 2014 pacem
973 1948 1019 1995 cst
1043 1948 1179 2017 recepta.

340 2043 419 2104 ltem
444 2039 604 2121 Georgius
620 2039 752 2101 maritus
778 2039 905 2100 Prizore
933 2053 1042 2101 eontra
1059 2039 1145 2101 lovan
1168 2041 1272 2122 primo
1297 2041 1410 2102 citatus
1434 2058 1500 2100 non

236 2148 425 2231 comparuit.

340 2254 417 2315 ltem
430 2271 524 2313 causa
534 2250 674 2332 Philippi
685 2264 794 2312 contra
809 2251 936 2313 Petrum
947 2252 987 2312 ad
997 2267 1145 2313 octavum
1161 2252 1246 2313 diem
1261 2267 1307 2314 est
1317 2266 1499 2334 prorogata.

340 2359 417 2420 ltem
442 2357 549 2419 Mathe
573 2356 734 2438 gladiator
758 2370 867 2418 contra
901 2371 1081 2419 consortem
1107 2357 1202 2418 Wolf
1231 2373 1346 2419 octavo
1371 2358 1423 2420 die
1448 2378 1495 2419 re·

236 2464 419 2549 spondebit.

340 2570 418 2632 ltem
451 2569 633 2630 Anthonius
668 2587 803 2650 sponsus
837 2569 1008 2631 Kordauch
1047 2584 1156 2633 contra
1190 2571 1360 2632 Nicolaum
1397 2571 1499 2633 filium

235 2676 361 2740 Nicolai
386 2675 491 2755 primo
516 2675 629 2736 citatus
653 2694 717 2736 non
743 2675 932 2757 comparuit.

343 2800 421 2862 ltem
445 2798 599 2860 Nicolaus
622 2797 740 2880 figulus
755 2813 864 2860 contra
882 2798 995 2860 Kouch
1020 2801 1239 2861 balneatorem
1262 2801 1366 2883 primo
1384 2802 1498 2865 citatus

236 2926 302 2969 non
327 2905 517 2987 comparuit.

341 3012 418 3074 ltem
445 3011 606 3072 lohannes
629 3010 714 3072 lilius
738 3010 840 3073 Paller
864 3025 973 3073 contra
999 3013 1140 3073 Brumen
1165 3014 1269 3094 primo
1295 3013 1409 3076 citatus
1434 3034 1499 3076 non

239 3118 429 3202 comparuit.

344 3225 421 3286 ltem
446 3224 531 3285 lwan
564 3222 649 3285 filius
679 3222 843 3284 Wlltozlai
876 3239 991 3285 octavo
1017 3224 1068 3286 die
1101 3244 1156 3306 per
1186 3225 1367 3287 Dionisium
1393 3225 1500 3288 rufum

239 3332 300 3393 hoc
323 3330 470 3392 atestabit
492 3329 581 3411 quod
607 3328 757 3410 Loytrich
790 3328 996 3412 Gerdonyam
1030 3331 1069 3392 de
1105 3330 1204 3392 domo
1236 3332 1310 3393 dicti
1336 3332 1421 3393 livan
1448 3353 1500 3394 ex·

239 3437 377 3520 pellerit‚
402 3449 433 3497 et
456 3437 552 3497 ambo
577 3456 609 3496 se
634 3435 674 3496 ad
699 3434 837 3496 eundem
864 3435 1044 3497 Dionisium
1071 3436 1309 3499 commiserunt.

343 3542 420 3603 ltem
444 3541 596 3602 Nicolaus
613 3542 763 3622 Rogozar
783 3555 893 3602 contra
911 3541 1103 3622 Gregorium
1122 3543 1238 3623 Angeli
1256 3543 1359 3624 primo
1385 3544 1498 3606 citatus

239 3669 303 3712 non
330 3648 518 3730 comparuit.

343 3754 420 3816 ltem
453 3773 547 3814 causa
580 3752 744 3815 Benedicti
775 3752 833 3814 lilii
867 3752 983 3835 Copun
1016 3769 1124 3816 contra
1159 3755 1247 3816 Hans
1279 3756 1318 3817 ad
1352 3770 1500 3819 octavum

238 3861 324 3923 diem
349 3860 389 3921 acl
413 3880 524 3942 pacem
550 3873 597 3921 est
620 3871 756 3939 recepta.

345 3966 421 4027 ltem
447 3986 540 4027 causa
567 3965 663 4026 Marci
689 3978 798 4026 contra
816 3964 973 4027 famulum
993 3967 1082 4028 Hans
1106 3968 1144 4028 ad
1170 3982 1318 4029 octavum
1345 3970 1429 4030 diem
1459 3970 1499 4031 ad

238 4092 348 4154 pacem
374 4087 421 4134 est
445 4087 581 4153 recepta.

345 4178 423 4239 ltem
448 4177 630 4240 Demetrius
654 4177 811 4258 joculator
839 4191 948 4240 contra
973 4179 1135 4240 Thomam
1169 4181 1273 4262 primo
1298 4182 1410 4243 citatus
1435 4203 1500 4244 non

238 4284 427 4366 comparuit.

344 4388 421 4450 ltem
447 4388 610 4452 Corardus
635 4403 723 4451 sutor
747 4404 856 4451 contra
881 4390 1050 4452 Nicolaum
1075 4405 1216 4454 sutorem
1248 4395 1353 4475 primo
1384 4395 1498 4456 citatus

238 4513 304 4555 non
329 4495 518 4577 comparuit.

345 4601 422 4662 ltem
447 4602 588 4664 Briccius
611 4602 741 4684 sellipar
764 4617 873 4664 contra
904 4602 1083 4665 lohannem
1117 4604 1215 4666 Pazar
1247 4605 1351 4687 primo
1384 4606 1497 4668 citatus

240 4724 304 4768 non
329 4707 518 4789 comparuit.
