3472 5234
648 297 734 353 Anno
757 305 845 372 1375.
870 328 912 337 —
936 290 987 356 18.
1011 295 1092 354 maii.

244 515 249 524 '
342 510 420 571 Item
444 507 529 569 Vido
554 505 639 568 filius
663 507 801 568 condam
825 505 896 568 EIie
927 504 1109 566 stacionarii
1135 516 1245 566 contra
1270 505 1440 567 Nicolaum
1466 504 1498 566 fi-

235 617 316 679 lium
341 614 431 677 Pauli
456 613 497 675 de
522 611 676 675 Orbouch
706 632 739 674 se
771 624 877 674 sextus
900 629 994 672 suum
1026 610 1241 691 juramentum
1274 612 1496 694 sollempniter

237 735 271 783 ut
294 720 406 783 debuit
430 718 590 801 deposuit.

341 826 420 888 Item
445 823 626 906 Stephanus
650 834 759 884 contra
785 821 969 884 Chernlram
999 834 1113 883 octavo
1138 820 1191 883 die
1215 822 1432 904 respondebit.

342 950 419 1011 Item
444 946 613 1010 Chernech
637 959 747 1007 contra
771 944 951 1006 Iohannem
967 946 1072 1028 primo
1090 946 1203 1007 citatus
1226 964 1291 1006 non
1310 945 1501 1027 comparuit.

343 1055 422 1116 Item
445 1052 630 1114 Anthonius
662 1050 810 1134 Zitarycb
842 1063 952 1112 contra
985 1050 1139 1112 Mathiam
1173 1049 1370 1112 aurifabrum
1394 1051 1501 1132 primo

235 1160 350 1223 citatus
373 1180 438 1222 non
464 1157 655 1241 comparuit.

341 1267 419 1328 Item
444 1284 538 1327 causa
563 1261 741 1326 Clementis
768 1261 885 1323 sutoris
916 1275 948 1324 et
979 1262 1062 1323 Petri
1087 1276 1133 1324 est
1155 1281 1213 1344 per
1241 1275 1336 1324 testes
1359 1263 1399 1324 ad
1424 1276 1498 1326 octo

236 1373 304 1434 dies
327 1385 454 1453 recepta
478 1371 519 1432 ad
541 1388 663 1452 pacem.

340 1478 418 1538 Item
451 1496 545 1538 causa
576 1474 687 1536 Jacobi
719 1472 866 1556 pellificis
901 1487 932 1534 et
963 1473 1100 1535 Korardi
1133 1488 1180 1537 est
1210 1494 1267 1557 per
1300 1476 1499 1557 Stephanum

235 1584 372 1647 condam
397 1582 535 1663 juratum
559 1580 599 1642 ad
623 1594 696 1642 octo
722 1579 789 1641 dies
813 1593 938 1661 recepta
964 1579 1003 1640 ad
1027 1599 1151 1661 pacem.

340 1706 417 1768 Item
442 1717 557 1766 octavo
588 1703 641 1764 die
672 1703 810 1764 Jacobus
840 1700 972 1784 pellifex
994 1722 1052 1784 per
1085 1704 1276 1786 Dyonisium
1302 1720 1332 1767 et
1355 1706 1498 1789 FiIIpum

234 1826 344 1874 contra
376 1811 512 1874 Cursum
544 1808 836 1872 molendinatorem
869 1809 1025 1891 producet
1056 1811 1287 1890 testimonium,
1323 1812 1412 1892 quod
1436 1811 1496 1874 sibi

235 1918 378 2000 qulnque
397 1936 511 1999 pensas
535 1934 607 1977 curn
632 1914 738 1976 media
757 1914 888 1975 nomine
913 1912 1114 1978 fideIussorio
1139 1915 1265 1978 debitor
1289 1917 1450 1979 extitisset.

258 2049 264 2055 ’
341 2041 419 2101 Item
444 2058 537 2101 causa
562 2036 717 2099 Anthonii
734 2037 851 2099 sutoris
876 2051 907 2098 et
923 2037 1079 2100 Iohannis
1103 2053 1150 2100 est
1173 2059 1229 2122 per
1245 2054 1341 2102 testes
1365 2040 1404 2102 ad
1423 2054 1498 2102 octo

234 2148 303 2209 dies
327 2159 453 2228 recepta
477 2144 517 2205 ad
542 2164 664 2226 pacem.

339 2252 418 2313 Item
442 2269 536 2312 causa
561 2249 708 2312 Metelini
745 2262 776 2311 et
807 2248 936 2311 Thome
968 2265 1015 2313 est
1046 2251 1085 2312 ad
1111 2252 1291 2334 quIndenas
1328 2265 1498 2334 prorogata

236 2376 296 2439 pro
319 2355 453 2418 cautela.

339 2463 416 2524 Item
441 2481 534 2522 causa
570 2460 679 2521 Jacobi
712 2459 839 2539 medici,
872 2459 1016 2522 Franche
1047 2474 1078 2522 et
1102 2461 1256 2546 Gyurgek
1281 2478 1326 2525 est
1351 2484 1407 2546 per
1431 2469 1496 2526 An·

234 2568 344 2630 dream
371 2567 508 2630 condam
533 2565 669 2647 juratum
695 2565 736 2626 ad
760 2578 833 2627 octo
857 2565 926 2627 dies
949 2580 1076 2648 recepta
1099 2567 1138 2628 ad
1163 2588 1286 2650 pacem.

340 2691 418 2752 Item
449 2692 586 2753 Jacobus
618 2688 748 2773 pellifex
782 2703 891 2752 contra
920 2692 1010 2753 Marlr
1043 2706 1156 2754 octavo
1189 2693 1240 2755 die
1271 2696 1418 2757 atestabit
1441 2715 1498 2778 per

234 2797 433 2860 Borouinam
457 2811 487 2858 et
513 2797 698 2875 Martinum,
722 2795 811 2877 quod
836 2797 940 2879 ipsum
965 2798 1112 2880 turpibus
1135 2799 1241 2861 verbis
1264 2800 1429 2864 affecisset.

339 2903 418 2965 Item
442 2903 626 2964 Anthonius
650 2901 773 2964 Jursich
802 2916 913 2965 contra
945 2905 1066 2966 Lucam
1092 2904 1231 2986 juratum
1255 2908 1360 2989 primo
1385 2908 1498 2970 citatus

233 3028 298 3070 non
322 3009 511 3091 comparuit.

338 3114 415 3175 Item
441 3134 535 3175 causa
561 3113 714 3195 Stephani
740 3128 771 3175 et
788 3114 917 3176 Martini
942 3129 988 3176 est
1004 3134 1061 3197 per
1086 3115 1256 3178 Nicolaum
1274 3117 1314 3178 ad
1338 3131 1412 3181 octo
1429 3118 1497 3179 dies

235 3232 362 3300 recepta
386 3218 426 3279 ad
450 3239 572 3301 pacem.

338 3341 417 3404 Item
441 3357 556 3404 octavo
581 3342 631 3403 die
657 3341 819 3403 Corardus
842 3362 899 3424 per
930 3343 1106 3407 Henricum
1131 3346 1302 3429 pellificem
1328 3362 1358 3410 et
1384 3348 1494 3432 Voryh

233 3444 392 3528 (figulum)
417 3448 574 3524 atestabit,
599 3447 686 3528 quod
710 3448 776 3529 ipse
791 3448 950 3529 Mychaeli
968 3451 1127 3534 Damyani
1152 3452 1258 3515 debita
1282 3452 1496 3536 persolvisset.

338 3552 416 3613 Item
440 3551 517 3613 Iuan
543 3551 651 3614 Sibich
675 3567 783 3614 contra
809 3554 994 3636 Dragonam
1018 3571 1132 3619 octavo
1157 3559 1208 3620 die
1233 3561 1450 3642 respondebit.

339 3659 418 3721 Item
451 3658 573 3721 Dicaua
605 3671 714 3720 contra
746 3660 945 3743 Mychaelem
978 3663 1137 3746 Damyani
1168 3666 1273 3748 primo
1305 3667 1399 3729 citata
1430 3687 1496 3729 non

233 3764 423 3847 comparuit.

337 3871 415 3932 Item
440 3871 587 3952 Mychael
611 3872 769 3955 Damyani
794 3888 925 3956 propter
948 3877 1110 3956 quandam
1137 3880 1319 3960 potenciam
1347 3894 1393 3942 est
1418 3900 1495 3942 con·

232 3976 333 4037 victus
357 3977 389 4037 in
414 3977 442 4037 X
467 3978 599 4054 marcis;
624 3979 691 4060 ipse
715 3993 823 4041 autem
845 3981 992 4063 Mychael
1017 3984 1118 4065 ipsam
1136 4005 1263 4046 causam
1288 3986 1328 4047 ad
1345 3987 1495 4069 antiquos

232 4079 354 4161 judices
377 4083 562 4164 appellavit.

338 4205 414 4266 Item
440 4225 533 4268 causa
558 4212 651 4269 Anne
683 4222 713 4271 et
738 4209 820 4271 Petri
853 4224 900 4272 est
923 4211 963 4272 ad
994 4226 1066 4276 octo
1099 4213 1167 4275 dies
1191 4234 1247 4295 per
1277 4215 1399 4297 judices
1421 4237 1495 4299 pro·

232 4323 353 4389 rogata.

337 4415 414 4478 Item
440 4417 626 4500 Damyanus
651 4420 690 4481 de
715 4421 849 4484 Rabuch
873 4435 986 4486 octavo
1010 4423 1062 4485 die
1087 4426 1321 4508 quinquaginta
1347 4428 1495 4491 homines

233 4519 391 4583 adducere
415 4522 510 4585 debet
534 4536 565 4586 et
587 4525 676 4588 XXV
699 4529 844 4608 personis
868 4548 963 4611 super
993 4528 1111 4591 Iuahen
1136 4548 1376 4596 sacramentum.
1395 4535 1494 4617 depo·

232 4645 306 4686 nere
332 4626 363 4686 in
389 4646 439 4708 eo,
463 4628 551 4710 quod
579 4651 655 4693 suus
680 4630 730 4693 fur
762 4646 793 4694 et
816 4634 898 4697 latro
922 4635 1091 4710 extitisset;
1118 4650 1147 4698 et
1179 4637 1310 4701 demum
1335 4641 1492 4720 justiciam

232 4728 386 4793 faciemus
410 4733 441 4793 in
467 4736 638 4816 premissis.
