3472 5234
663 340 750 399 Anno
774 350 861 416 1375.
886 372 927 382 -
951 355 982 416 4.
1005 303 1096 399 maii.

352 550 430 612 Item
446 570 550 631 ‚causa
567 549 697 611 Thome
720 549 837 610 sutoris
854 563 884 610 et
902 548 1079 632 Mychaelis
1095 549 1255 631 Damyani
1272 560 1320 610 est
1335 567 1392 630 per
1409 548 1509 610 Geor·

246 658 337 738 gium
361 672 392 719 et
416 656 551 717 Iuanum
576 655 616 717 ad
641 668 713 717 octo
738 654 806 716 dies
829 669 955 738 recepta
980 654 1020 716 ad
1043 674 1170 737 pacem.

293 813 295 815 .
353 755 430 824 Item
455 761 609 824 Nicolaus
633 774 742 824 contra
767 761 909 822 Blasiurn
934 773 1048 823 octavo
1072 761 1125 823 die
1149 760 1366 843 respondebit.

352 869 431 932 Item
456 868 643 950 Damyanus
667 878 778 928 contra
803 864 997 949 Gregorium
1020 867 1163 929 secundo
1187 867 1301 929 citatus
1329 887 1395 930 non
1423 887 1510 930 com-

245 975 362 1056 paruit.

352 1081 430 1143 Item
455 1078 654 1160 DragozIaus
677 1091 792 1141 octavo
817 1078 869 1140 die
894 1091 1005 1141 contra
1026 1080 1183 1141 Marinam
1207 1080 1431 1162 comprobabit
1454 1099 1511 1161 per
1563 1105 1565 1108 ·

248 1187 476 1266 Laurencium,
508 1185 673 1248 Andream
705 1184 844 1265 juratum
876 1197 907 1247 et
938 1184 1132 1267 Gregorium
1156 1185 1244 1267 quod
1276 1187 1381 1269 ipsum
1405 1184 1512 1247 verbis

246 1294 393 1374 turpibus
416 1292 580 1354 affecisset.

353 1400 432 1462 Item
457 1399 613 1461 Martinus
635 1397 723 1461 faber
740 1411 850 1461 contra
867 1397 1042 1460 Martinum
1067 1397 1301 1479 carpentarium
1325 1410 1439 1460 octavo
1456 1398 1510 1459 die

248 1506 470 1568 testImonium
497 1505 654 1588 producet
684 1525 742 1587 per
773 1504 966 1588 DyoniSIum
998 1519 1029 1566 et
1053 1505 1177 1566 Mareas
1207 1503 1295 1585 quod
1322 1504 1354 1565 iu
1378 1503 1510 1585 Iegistro

252 1624 400 1674 contenta
425 1612 492 1695 ipse
517 1612 673 1678 Martinus
697 1611 832 1673 omniuo
857 1610 997 1672 haberet.

354 1717 432 1779 Item
458 1718 568 1780 Mareu
593 1730 703 1778 contra
728 1715 891 1778 Andream
924 1716 1066 1778 secundo
1090 1717 1204 1779 citatus
1227 1736 1292 1779 non
1317 1717 1508 1799 comparuit.

355 1823 434 1886 Item
470 1823 577 1885 relicta
622 1823 782 1905 organiste
818 1836 927 1884 contra
964 1822 1098 1883 Elenam
1138 1822 1280 1884 secundo
1316 1823 1410 1885 citata
1443 1843 1508 1885 non

248 1931 438 2012 comparuit.

353 2037 430 2098 Item
457 2035 566 2098 Sibich
584 2050 694 2098 contra
711 2035 921 2097 Benedictum
947 2033 1090 2096 secundo
1107 2034 1221 2096 citatus
1236 2054 1301 2096 non
1319 2035 1509 2118 comparuit.

353 2142 431 2203 Item
457 2142 635 2202 Laurencio
657 2139 725 2203 filio
758 2140 835 2202 Iuan
867 2141 993 2201 vineam
1024 2139 1189 2220 quondam
1222 2140 1423 2203 Bremennak
1454 2139 1510 2201 ad·

247 2246 459 2327 judicavaus
483 2266 577 2308 causa
601 2246 813 2328 proximitatis
836 2259 991 2328 perpetuo
1016 2244 1255 2327 possidendam.

352 2354 430 2415 Item
455 2354 564 2415 reIIcta
588 2352 773 2413 Peterkonis
797 2365 907 2414 contra
929 2350 1108 2412 Francham
1132 2364 1246 2412 octavo
1270 2351 1322 2412 die
1347 2371 1380 2413 se
1392 2360 1509 2433 'quarta

247 2459 463 2540 juramentum
487 2458 650 2541 deponere
674 2458 791 2534 debet;
816 2470 957 2519 ceterum
990 2471 1097 2519 autem
1123 2458 1209 2520 Luca
1242 2457 1326 2520 dicet
1350 2458 1509 2540 quidquid

247 2566 352 2627 scierit
376 2566 457 2628 Inter
481 2566 567 2647 ipsos
591 2585 663 2626 cum
689 2564 806 2625 Arania
831 2564 963 2626 venerit.

353 2672 429 2735 Item
455 2685 568 2733 octavo
593 2671 645 2732 die
670 2670 739 2733 Elia
769 2669 885 2751 jurabit
908 2690 942 2730 se
965 2669 1124 2731 secundus
1150 2682 1260 2731 contra
1286 2669 1463 2732 Scortham.

353 2778 431 2839 Item
463 2797 557 2838 causa
587 2776 730 2857 magistri
764 2775 868 2858 Crispi
903 2789 934 2836 et
964 2775 1063 2837 Marci
1088 2774 1145 2837 filii
1177 2774 1314 2857 Mykech
1337 2773 1393 2836 filii
1426 2776 1508 2837 Leo-

248 2884 349 2962 nardi,
382 2903 445 2964 que
478 2884 607 2944 racione
639 2895 726 2944 ortus
757 2882 892 2954 vertitur·
909 2881 1002 2943 ¹Inter
1034 2881 1131 2963 ipsos,
1167 2894 1215 2944 est
1246 2900 1302 2964 per
1325 2880 1445 2962 juratos
1468 2880 1507 2942 ad

248 3003 321 3051 octo
346 2989 415 3050 dies
438 3005 619 3071 prorogata.

353 3093 454 3156 Nota!
471 3094 558 3175 quod
574 3093 650 3155 feria
667 3107 752 3155 sexta
770 3094 913 3176 proxIma
926 3104 999 3174 post
1014 3090 1129 3153 festum
1143 3092 1240 3154 Pasce
1257 3091 1381 3154 domini
1398 3092 1509 3153 Petrus
1609 3136 1610 3140 ,

249 3198 332 3260 filius
357 3199 480 3260 Hrethk
505 3213 540 3260 ut
564 3198 674 3260 debuit
698 3218 792 3259 suum
823 3197 1040 3278 juramentum
1072 3199 1162 3261 XXV
1185 3199 1331 3281 personis
1355 3197 1507 3280 sollemp-

248 3305 329 3366 niter
361 3304 509 3386 deposuit
541 3304 572 3364 in
603 3317 710 3365 nostra
741 3303 873 3365 ecclesia
895 3303 1081 3386 parochiali,
1113 3304 1244 3365 ecclesia
1277 3303 1376 3365 sancti
1409 3304 1507 3366 Marci

251 3410 467 3490 ewangeliste,
492 3429 531 3470 eo
561 3409 671 3488 mod0,
704 3408 791 3489 quod
810 3409 877 3491 ipse
902 3410 935 3469 in
970 3408 1056 3471 furtu
1079 3411 1229 3471 stacionis
1259 3410 1377 3472 Donati
1409 3410 1508 3471 nostri

58 3540 62 3547 ’
143 3514 146 3520 ’
249 3516 389 3577 concivis
412 3515 539 3597 penitus
563 3528 594 3576 et
617 3533 673 3596 per
696 3515 805 3576 omnia
830 3515 985 3576 innocens
1008 3527 1090 3576 esset
1113 3529 1144 3576 et
1168 3515 1330 3577 immunis.

319 3728 415 3804 Faria
444 3741 543 3805 sexta
570 3737 725 3822 proxima
753 3741 829 3823 post
852 3734 976 3806 festum
1004 3735 1211 3807 Invencionis
1241 3742 1357 3830 sancte
1386 3737 1508 3806 crucis.

796 3883 842 3966 (4·
865 3889 983 3963 mart).

355 4024 463 4085 Primo
487 4024 655 4086 Elizabeth
680 4040 789 4087 contra
814 4025 1094 4108 Crendamprimo
1120 4027 1212 4087 citata
1229 4045 1294 4087 non
1318 4026 1508 4108 comparuit.

355 4129 433 4190 Item
456 4130 487 4191 in
514 4130 686 4211 quindenis
710 4131 855 4193 Andreas
880 4132 935 4193 Sib
953 4131 1061 4194 Mathe
1085 4131 1240 4193 sacerdoti
1264 4130 1379 4194 Xflor.
1397 4130 1508 4194 solvet.

354 4234 432 4296 Item
462 4255 556 4297 causa
587 4237 729 4316 magistri
762 4237 886 4299 Berend
919 4251 950 4298 et
971 4237 1137 4300 Elizabeth
1170 4236 1287 4320 pueIIe,
1311 4237 1421 4299 relicte
1453 4257 1509 4320 per

251 4339 427 4400 Francham
451 4339 658 4420 aurifabrum,
683 4341 721 4402 ad
747 4356 820 4404 octo
844 4342 912 4404 dIes
936 4356 983 4404 est
1005 4357 1130 4425 recepta
1155 4342 1195 4403 ad
1219 4361 1342 4424 pacem.
1583 4333 1585 4336 ’

354 4444 433 4506 Item
465 4445 642 4507 Moderhen
675 4458 706 4508 et
737 4446 845 4509 Mathe
877 4460 986 4509 contra
1016 4449 1189 4510 MartInum
1221 4446 1373 4509 claudum
1402 4449 1508 4530 primo

249 4549 336 4611 citati
360 4569 425 4611 non
454 4566 712 4633 comparuerunt.

354 4655 432 4717 Item
457 4656 612 4718 Martinus
628 4658 797 4738 ZequIrich
821 4671 934 4721 octavo
951 4659 1004 4721 die
1020 4678 1076 4741 per
1100 4659 1291 4721 Mauricium
1316 4672 1348 4721 et
1373 4658 1507 4741 Stepha-

249 4777 327 4819 num
340 4773 449 4822 contra
458 4760 591 4823 Iuanum
603 4765 748 4825 atestabit
760 4783 854 4847 super
866 4784 916 4844 eo,
930 4765 1016 4847 quod
1031 4765 1137 4848 ipsum
1149 4763 1325 4827 iuterficere
1338 4765 1504 4831 voluisset.
