3472 5234
279 332 341 411 246
681 333 768 390 Anno
791 328 882 408 1385.
907 366 949 375 —
971 328 1025 395 28.
1041 333 1126 408 julii.

276 544 415 623 malicia,
436 543 511 606 ideo
534 543 574 606 de
598 543 685 626 ipsis,
708 556 774 605 tam
799 541 838 604 de
870 542 940 626 ipso
965 542 1133 606 Clemente
1165 563 1262 625 quarn
1287 543 1327 606 de
1352 542 1435 606 dicta
1468 563 1541 606 mu·

276 650 365 730 licre,
382 651 463 712 sicut
484 649 524 711 de
548 650 666 712 talibus
683 648 944 711 malefactoribus
967 650 1108 713 vindicta
1125 666 1172 712 est
1188 651 1377 732 conscripta,
1402 664 1434 713 et
1449 651 1541 732 quod

278 755 364 818 idam
396 755 549 818 Clemens
573 775 646 818 cum
678 754 791 817 eadem
823 755 957 817 muliera
989 757 1231 818 matrimonium
1263 755 1440 837 fregissent,
1465 757 1542 838 quia

278 862 479 924 veracissime
504 862 537 923 in
561 860 703 943 predicta
727 861 853 923 malicia
878 859 1008 924 fuerunt
1031 861 1226 944 reprehensi.

436 1060 534 1135 feria
561 1071 659 1135 sexta
687 1065 841 1153 proxima
870 1069 947 1151 post
973 1062 1097 1134 festum
1125 1064 1234 1135 sancti
1262 1062 1392 1152 Jacobi.

819 1211 888 1294 (28.
904 1214 1005 1296 atra).

384 1354 461 1417 ltem
495 1355 630 1438 Jurglyn
661 1355 791 1438 piliator
825 1369 936 1416 contra
972 1355 1155 1438 Myklinum
1186 1355 1291 1437 primo
1328 1357 1441 1418 citatus
1477 1376 1544 1418 non

278 1461 467 1542 comparuit.

383 1567 461 1629 ltem
486 1567 623 1629 Jacobus
638 1565 770 1649 pellifex
787 1581 897 1628 contra
915 1566 1001 1648 Span
1018 1567 1123 1647 primo
1140 1567 1254 1629 citatus
1267 1587 1331 1629 non
1351 1567 1544 1650 comparuit.

384 1672 461 1734 ltem
484 1673 637 1734 Nicolaus
660 1687 774 1734 octavo
798 1671 850 1734 die
876 1692 932 1754 per
955 1671 1121 1733 dominam
1151 1688 1331 1734 consortem
1357 1672 1483 1735 Nicolai
1510 1685 1543 1734 et

279 1777 442 1840 Matheum
460 1798 495 1839 ac
513 1778 650 1860 Popsam
674 1777 734 1839 hoc
758 1778 915 1856 stestabit‚
929 1776 1017 1859 quod
1034 1778 1102 1860 ipse
1126 1798 1199 1840 cum
1215 1778 1358 1860 quodam
1375 1798 1452 1840 cane
1470 1776 1542 1860 (sic)

278 1898 460 1946 consortem
486 1882 618 1964 Georgii
646 1883 748 1946 Sidou
772 1903 837 1945 non
861 1883 1075 1966 percussisset.

384 1989 462 2050 Item
483 1987 642 2071 Georgius
659 1988 760 2051 Sidou
777 2004 890 2051 octavo
907 1988 961 2051 die
977 2009 1033 2071 per
1050 1989 1197 2052 dominas
1214 1989 1374 2052 Janchech
1392 2005 1423 2052 et
1439 1990 1544 2051 Bene·

278 2094 354 2156 dicti
379 2109 543 2156 consortes
567 2093 627 2155 hoc
658 2095 815 2173 atestabit,
848 2095 936 2176 quod
964 2115 1055 2157 suam
1088 2109 1269 2157 consortem
1294 2096 1446 2158 Nicolaus
1470 2115 1542 2178 per·

278 2199 436 2261 cussisset.

384 2305 462 2367 ltem
488 2304 648 2386 Georgius
673 2305 775 2368 Sidou
799 2319 909 2368 contra
933 2306 1099 2369 Matheum
1123 2320 1238 2368 octavo
1256 2303 1309 2368 die
1326 2305 1543 2389 respondebit.

384 2411 462 2473 ltem
499 2412 693 2474 Benedictus
728 2427 758 2475 et
793 2412 903 2473 Petrus
935 2412 1010 2474 dicti
1044 2411 1208 2495 Scornych
1241 2427 1351 2474 contra
1386 2411 1544 2495 Zekyrich

278 2519 383 2601 primo
407 2519 493 2581 citati
518 2539 583 2581 non
609 2533 867 2602 comparuerunt.

383 2624 462 2686 ltem
491 2625 618 2687 Mezera
651 2639 759 2687 contra
792 2624 973 2707 Myklinum
1005 2624 1142 2686 condam
1174 2624 1314 2707 judicem
1346 2638 1462 2686 octavo
1485 2623 1539 2686 die

277 2730 495 2813 respondebit.

383 2836 461 2898 ltem
487 2835 647 2898 lohannes
664 2836 831 2919 Praudych
856 2851 966 2898 contra
992 2836 1190 2918 Stephanum
1208 2837 1313 2919 primo
1337 2837 1452 2898 citatus
1477 2855 1544 2897 non

278 2943 467 3025 comparuit.

384 3048 463 3109 ltem
488 3067 581 3110 causa
608 3048 733 3109 Mezera
759 3063 869 3110 contra
885 3049 1000 3110 Valesa
1022 3048 1062 3110 ad
1087 3063 1236 3110 octavum
1261 3049 1348 3110 diem
1373 3048 1413 3109 ad
1431 3067 1543 3130 pacem

280 3168 326 3215 est
350 3168 489 3235 recepta.

384 3258 461 3320 ltem
487 3257 655 3339 Gyaninus
679 3272 792 3319 octavo
817 3258 867 3318 die
892 3274 1000 3320 contra
1031 3260 1231 3321 Anthonium
1256 3259 1473 3342 respondebit.

383 3364 461 3425 ltcm
486 3362 634 3444 Mychael
658 3361 746 3424 faber
770 3379 882 3425 contra
905 3365 1104 3447 Mychaelem
1129 3366 1344 3427 stacunarium
1368 3366 1474 3447 primo
1499 3365 1543 3427 ci·

277 3484 362 3532 tatus
387 3489 451 3531 non
477 3470 666 3550 comparuit.

384 3575 462 3635 ltem
481 3574 641 3654 Georgius
658 3574 898 3636 molendinator
915 3589 1023 3637 contra
1041 3577 1197 3638 Jacobum
1215 3577 1318 3658 primo
1336 3577 1450 3637 citatus
1475 3595 1541 3637 non

278 3680 469 3762 comparuit.

383 3785 461 3846 Item
487 3804 580 3845 causa
597 3782 710 3847 famuli
727 3785 883 3847 Anthonii
901 3802 1010 3848 contra
1028 3786 1206 3870 Petrenych
1229 3787 1269 3848 ad
1287 3802 1436 3848 octavum
1454 3786 1540 3854 diem

278 3890 318 3951 ad
341 3909 453 3972 pacem
478 3904 524 3950 est
548 3904 686 3972 recepta.

383 3995 461 4056 ltem
487 3995 649 4057 lohannes
673 3996 834 4059 aurifaber
857 4011 966 4060 contra
990 3998 1174 4080 Philippum
1199 4013 1351 4059 sartorem
1377 3999 1482 4080 primo
1501 3998 1541 4059 ci·

276 4112 361 4162 tatus
384 4119 450 4161 non
477 4102 665 4183 comparuit.

383 4205 461 4266 ltem
486 4225 580 4267 causa
598 4207 712 4290 Cygan
729 4221 760 4270 et
783 4207 939 4270 Anthonii
965 4210 1080 4271 literati
1097 4224 1205 4271 contra
1231 4208 1413 4270 Johannem
1437 4208 1540 4271 filium

277 4311 396 4372 Donati
421 4311 460 4372 ad
484 4324 633 4375 octavum
658 4313 743 4375 dietn
770 4312 809 4375 ad
833 4334 944 4395 pacem
970 4328 1016 4375 est
1040 4329 1175 4396 recepta.

383 4416 461 4478 ltem
487 4416 662 4498 Gregorius
678 4420 773 4501 Vyuk
797 4434 906 4480 contra
924 4420 1103 4481 Johannem
1126 4418 1279 4501 Plahtych
1297 4419 1402 4501 primo
1428 4420 1541 4480 citatus

277 4540 342 4582 non
368 4525 557 4605 comparuit.

383 4626 461 4689 Item
486 4628 663 4710 Gregorius
687 4644 797 4693 contra
822 4630 966 4712 Dragech
991 4646 1105 4693 octavo
1129 4631 1181 4694 die
1206 4631 1421 4712 respondebit.

383 4732 462 4795 ltem
485 4735 583 4818 Efyas
606 4755 723 4818 parvus
754 4749 864 4799 contra
893 4750 1075 4799 consortem
1107 4737 1236 4820 pictoris
1260 4736 1402 4799 secundo
1426 4737 1540 4798 citatus

277 4853 344 4896 non
368 4841 557 4922 comparuit.
