3472 5234
645 378 733 437 Anno
756 389 843 455 1377.
869 411 908 421 -
927 392 963 454 3·
979 378 1063 453 julil·
1448 397 1489 458 97

330 589 407 649 ltem
433 588 550 649 Marko
577 587 737 649 leonardi
770 601 879 649 contra
904 587 1084 649 lohannem
1117 587 1283 649 Chemerii
1307 588 1414 670 primo
1446 588 1489 649 ci·

222 707 306 756 tatus
330 714 396 756 non
421 693 611 776 comparuit.

330 801 408 862 ltem
433 800 596 863 lohannes
621 820 757 882 magnus
780 816 890 864 contra
915 801 1023 864 Mathe
1041 802 1223 885 ensiparum
1248 802 1353 884 primo
1377 801 1491 864 citatus

224 927 288 969 non
314 908 503 988 comparuit.
1159 982 1161 986 .

330 1014 406 1075 ltem
433 1013 517 1075 lwatt
544 1028 653 1075 contra
677 1012 855 1094 Georgium
879 1014 1021 1076 secundo
1039 1014 1152 1075 citatus
1171 1034 1236 1075 non
1254 1015 1444 1096 comparuit.

328 1138 406 1199 Item
432 1138 603 1201 Chuethko
630 1152 660 1200 et
683 1139 769 1200 lwan
794 1152 904 1201 contra
929 1138 1108 1220 Georgium
1140 1139 1282 1200 secundo
1307 1138 1392 1200 citati
1421 1157 1488 1201 non

223 1257 482 1325 comparuerunt.

330 1350 408 1411 ltem
432 1350 519 1411 ltvan
552 1365 660 1411 contra
693 1350 861 1413 Chernech
892 1350 1034 1412 secundo
1065 1351 1179 1413 citatus
1204 1370 1268 1412 non
1297 1350 1489 1434 comparuit.

330 1457 406 1517 Item
434 1456 540 1517 Mallta
565 1471 674 1518 contra
700 1457 785 1518 lwan
810 1472 923 1519 octavo
949 1457 1000 1518 die
1025 1456 1242 1539 respondebit.

330 1563 408 1624 ltem
433 1563 626 1624 Benedictus
650 1578 759 1624 contra
785 1562 978 1645 Gregorium
1009 1577 1123 1625 octavo
1149 1564 1201 1626 die
1225 1563 1445 1646 respondebit.

329 1669 406 1731 ltem
432 1669 497 1752 Syb
520 1683 629 1731 contra
655 1669 798 1731 lwchech
821 1669 963 1731 secundo
988 1670 1102 1732 citatus
1126 1690 1190 1732 nott
1217 1671 1407 1752 comparuit.

331 1776 408 1837 Item
433 1775 616 1838 Anthonius
641 1789 672 1838 et
688 1776 794 1838 Dauid
819 1774 991 1838 familiares
1008 1776 1124 1856 Tadei,
1149 1778 1223 1859 quia
1240 1791 1314 1840 sunt
1330 1797 1402 1840 cum
1420 1779 1490 1861 ipso

225 1884 354 1962 turbati,
378 1903 474 1965 super
498 1883 575 1965 quid
601 1883 686 1944 idem
712 1882 825 1944 Tadeo
849 1882 975 1964 juravit,
1000 1883 1059 1966 ipsi
1084 1898 1198 1946 octavo
1216 1884 1269 1946 die
1294 1885 1489 1967 persolvent.

329 2007 407 2070 ltem
444 2007 618 2090 Matheyko
654 2006 792 2069 carnifex
837 2020 947 2070 contra
983 2009 1053 2070 Noz
1096 2009 1239 2071 secundo
1275 2009 1389 2072 citatus
1424 2028 1490 2072 non

226 2114 416 2196 comparuit.

331 2220 406 2281 ltem
433 2221 517 2281 lwan
542 2219 693 2282 Zirothke
718 2240 791 2282 cum
816 2220 952 2282 Nicolao
970 2220 1093 2282 Crisani
1120 2241 1220 2303 usque
1238 2222 1418 2303 quindenas
1441 2243 1489 2285 ra·

226 2326 351 2389 cionem
378 2346 497 2409 ponere
522 2326 641 2388 debent
665 2327 792 2388 racione
825 2327 1040 2408 quorumdam
1074 2347 1246 2410 porcorum
1270 2348 1327 2411 per
1350 2328 1490 2391 eundern

225 2433 394 2495 Nicolaum
420 2433 622 2495 venundatis.

330 2540 407 2602 ltem
433 2539 577 2601 Gerardo
603 2538 746 2601 Gallicus
770 2553 879 2601 contra
905 2538 1078 2622 Gyuanum
1104 2560 1169 2602 non
1194 2542 1384 2623 comparuit.

276 2775 371 2850 Ferit
400 2784 498 2849 sexta
528 2779 681 2866 proxima
711 2784 787 2866 post
814 2777 937 2849 festum
965 2778 1139 2849 beatotum
1169 2777 1260 2849 l’etti
1289 2787 1323 2849 et
1352 2778 1447 2849 Pauli

737 2903 978 2990 apostolorum.

777 3077 821 3150 (3.
836 3070 937 3152 sidit).

330 3231 601 3311 Primolacobus
624 3228 755 3311 pellifex
787 3243 897 3291 contra
922 3229 1117 3311 Gregorium
1149 3228 1254 3311 ptimo
1279 3228 1393 3290 citatus
1424 3248 1490 3291 non

226 3337 415 3420 comparuit.

330 3444 407 3506 ltem
433 3464 527 3505 causa
559 3443 712 3527 Symonis
743 3456 773 3504 et
797 3440 968 3523 Dragozlai
1001 3454 1047 3504 est
1076 3462 1133 3524 per
1165 3454 1261 3504 testes
1284 3440 1324 3502 ad
1349 3440 1491 3522 primum

224 3549 380 3632 judicium
405 3564 531 3632 recepta
555 3550 595 3611 ad
620 3568 742 3632 pacem.

331 3658 409 3719 ltetn
442 3656 624 3719 Alexander
655 3669 765 3717 contra
801 3654 1004 3716 Franciscam
1036 3654 1205 3717 mulierem
1238 3654 1345 3737 primo
1378 3652 1492 3716 citatus

226 3784 291 3826 non
316 3764 506 3846 comparuit.

330 3869 408 3931 ltem
427 3870 497 3931 Elia
523 3890 639 3952 parvus
663 3884 773 3932 contra
799 3870 873 3930 lloz
889 3888 983 3930 auum
1006 3867 1134 3929 lratrem
1157 3867 1263 3949 primo
1287 3867 1401 3930 citatus
1425 3886 1490 3928 non

226 3977 417 4057 comparuit.

331 4082 408 4143 ltem
435 4102 528 4144 causa
552 4083 622 4143 Noz
654 4094 685 4142 et
717 4080 943 4163 Matheykonis
973 4093 1020 4141 est
1051 4099 1108 4162 per
1140 4078 1317 4161 Symonem
1341 4076 1382 4139 ad
1416 4090 1491 4139 octo

225 4187 294 4248 dies
317 4202 442 4271 recepta
467 4189 507 4249 ad
532 4207 655 4270 pacem.

331 4295 408 4356 Item
441 4296 530 4356 Mark
563 4309 594 4356 et
626 4293 786 4376 Georgius
817 4307 926 4356 contra
960 4293 1160 4355 Demetrium
1191 4291 1353 4353 literatum
1385 4291 1491 4373 primo

226 4401 312 4462 citati
345 4422 409 4463 non
435 4415 693 4484 comparuerunt.

331 4507 409 4569 Item
436 4508 558 4591 Symon
584 4521 693 4569 contra
717 4507 883 4569 Vrbanum
909 4506 1013 4589 primo
1038 4506 1151 4568 citatus
1171 4525 1237 4567 non
1255 4503 1445 4587 comparuit.

335 4614 411 4675 ltem
437 4613 599 4676 lohannes
624 4628 732 4676 contra
758 4612 865 4675 Mathe
891 4628 964 4695 post
987 4632 1080 4674 suum
1113 4612 1288 4674 adventum
1313 4611 1419 4692 primo
1444 4609 1491 4692 ju·

227 4719 314 4781 dicio
338 4721 556 4802 respondebit.

332 4826 409 4887 ltcm
434 4827 535 4888 Cutsa
561 4840 669 4888 contra
695 4824 893 4909 Stephanum
917 4824 1060 4887 secundo
1080 4825 1195 4887 citatus
1218 4843 1283 4885 non
1300 4822 1490 4905 comparuit.

1366 4933 1385 4995 7
