3472 5234
472 1335 619 1432 (Anno
648 1332 831 1424 Domini
860 1329 1194 1427 Mccctxxxttr.

236 1690 344 1782 Nota,
373 1691 468 1790 quod
496 1699 661 1789 tempore
686 1689 866 1787 judicatus
891 1689 1060 1791 johannis
1086 1687 1227 1764 Vassas
1256 1687 1315 1764 filii
1344 1687 1446 1764 Mark

284 1813 413 1913 judicis
444 1837 538 1889 anno
567 1812 710 1889 Domini
742 1812 928 1888 millesimo
963 1810 1197 1889 CCCLXXX
1226 1812 1397 1888 secondo.

318 2061 395 2122 Item
413 2061 528 2141 primo,
546 2059 740 2121 denotantur
757 2058 807 2120 hic
831 2058 839 2138 j
850 2059 975 2136 orati,
999 2058 1166 2121 videlicet:
1193 2058 1374 2140 Stephanus
1390 2056 1474 2119 filius

212 2167 310 2250 Vysk,
335 2165 472 2227 Mathias
495 2164 580 2227 filius
613 2165 777 2242 Johannis,
809 2165 972 2247 Myklinus
1002 2163 1087 2226 filius
1113 2164 1278 2242 iohannis,
1310 2164 1473 2226 iohannes

213 2273 298 2336 filius
329 2273 496 2350 Hermoni,
529 2272 725 2333 Laurencius
747 2269 831 2332 filius
863 2271 1010 2348 Thome‚
1045 2270 1183 2354 Gyanyn
1215 2271 1300 2332 filius
1330 2269 1475 2347 Dorethi,

211 2379 364 2441 Nicolaus
386 2377 583 2460 Odolasych,
608 2376 783 2458 Gregorius
807 2377 909 2439 dictus
932 2376 1106 2460 Voschayr.

320 2503 398 2564 item
423 2501 669 2563 consiliarii
694 2501 738 2561 sic
770 2501 994 2562 nominantur:
1021 2499 1173 2562 Nicoisus
1206 2499 1345 2561 condam
1369 2499 1476 2581 judex,

213 2608 389 2689 Gregorius
411 2607 539 2688 Angeli,
557 2606 720 2668 iohannes
736 2604 820 2667 filius
836 2606 932 2685 Petri,
949 2606 1095 2668 Thomas
1114 2605 1296 2688 calcaripar‚
1314 2605 1476 2667 iohannes

212 2713 297 2776 filius
321 2714 416 2792 Petri,
441 2749 481 2758 —
508 2713 539 2774 in
566 2713 675 2793 lingua
700 2712 908 2792 hungaricali.

319 2838 397 2900 Item
422 2839 559 2898 Jacobus
576 2837 655 2898 Bole
677 2836 815 2898 condam
832 2835 937 2917 judex,
956 2836 1103 2918 Mychael
1120 2834 1356 2917 Orthophlych,
1374 2833 1475 2897 Geor·

212 2944 284 3026 gius
301 2943 385 3005 filius
402 2943 568 3019 Hermani,
587 2941 778 3004 Perhtoldus
796 2940 880 3003 filius
903 2940 1046 3025 Phynch,
1066 2941 1183 3003 Worih
1200 2940 1285 3002 filius
1309 2940 1476 3019 Hermani,

214 3085 255 3095 -
281 3049 312 3110 in
338 3049 447 3129 lingua
471 3048 715 3111 theuthunicali.

320 3174 398 3236 Item
423 3173 574 3235 dominus
591 3173 790 3234 Jairumeilus
807 3173 921 3256 Kyrini
937 3172 1074 3234 condam
1092 3171 1197 3250 judex,
1214 3171 1366 3232 dominus
1390 3171 1477 3232 Luca

92 3251 94 3254 Ι
214 3280 353 3358 Bonioli‚
389 3279 528 3361 judices3
553 3278 721 3361 Phiiippus
745 3279 861 3358 Mauri,
885 3278 1024 3361 Gyanyn
1056 3276 1140 3340 filius
1164 3277 1349 3359 Mychaelis,
1374 3277 1476 3338 Bene-

213 3386 316 3448 dictus
340 3385 479 3446 Rambol
503 3421 545 3431 -
570 3385 681 3466 lingua
704 3384 842 3466 galicali.

319 3509 399 3570 Item
423 3508 575 3570 dominus
607 3508 773 3590 Mykusius
804 3507 889 3569 filius
912 3508 998 3569 lwan
1023 3506 1159 3569 condam
1193 3505 1299 3587 judex,
1323 3504 1476 3566 dominus

215 3615 404 3676 Franciscus
420 3612 506 3676 filius
520 3614 617 3675 Marci
636 3614 772 3675 condant
790 3613 895 3694 judex,
914 3613 1063 3674 Marenus
1079 3612 1164 3673 filius
1176 3611 1307 3690 Cosme,
1324 3609 1477 3693 Gyurgek

214 3721 397 3803 calcaripar‚
424 3720 510 3780 Iwan
534 3718 619 3780 filius
644 3719 761 3781 Mathei
787 3755 828 3765 -
854 3719 962 3800 lingua
990 3718 1205 3781 sclavonicali.

320 3859 422 3923 Nota!
459 3860 546 3942 quod
579 3874 724 3942 tempore
756 3860 913 3941 judicatus
943 3861 1077 3941 predicti
1110 3860 1265 3921 iohannis
1288 3859 1387 3920 Vasas
1420 3858 1477 3919 filii

217 3968 315 4029 Marci
340 3966 463 4028 eteius
487 3966 663 4044 juratorum
681 3980 712 4028 et
736 3965 992 4028 consiliariorum
1017 3985 1073 4047 pet
1089 3979 1189 4027 totam
1213 3964 1477 4026 communitatem

215 4088 345 4156 propter
369 4072 524 4154 quasdam
550 4073 692 4153 ipsorum
717 4072 919 4133 necessitates
943 4070 1108 4133 evitandas
1131 4071 1164 4131 in
1187 4070 1329 4152 generali
1363 4088 1476 4130 eorum

215 4180 351 4241 consilio
376 4192 422 4241 est
446 4178 609 4240 decretum
634 4193 665 4239 et
689 4192 853 4256 statutum,
878 4178 965 4258 quod
990 4178 1015 4238 si
1036 4177 1152 4259 aliquis
1176 4197 1214 4238 ex
1238 4175 1477 4238 civitatensibus

215 4285 356 4366 aliquem
370 4284 535 4346 hominem
549 4300 744 4361 extraneum,
755 4284 920 4345 inimicum
931 4283 1079 4344 videlicet
1092 4282 1239 4359 civitatis,
1249 4295 1335 4343 extra
1346 4299 1474 4341 murum

216 4392 353 4453 civitatis
377 4407 408 4453 et
432 4392 500 4452 eius
523 4391 683 4452 territorio
708 4389 1015 4471 quomodocumque
1033 4390 1063 4450 in
1087 4409 1142 4449 sua
1169 4386 1356 4450 defensione
1381 4386 1479 4447 inter·

217 4495 337 4575 iecerit,
361 4512 476 4559 extunc
509 4496 581 4558 talis
612 4494 796 4558 interfector
830 4514 886 4556 seu
917 4496 1127 4577 interemptor
1149 4494 1222 4556 exul
1254 4492 1391 4555 civitatis
1414 4510 1479 4553 non

216 4603 385 4683 sitneque
409 4603 572 4664 civitatem
605 4602 738 4684 perdere
770 4601 880 4683 possit,
913 4620 970 4662 nec
1005 4601 1036 4661 io
1068 4619 1204 4683 persona
1237 4618 1296 4659 nec
1328 4597 1360 4658 in
1384 4597 1481 4657 rebus

218 4708 353 4772 ledatur.
