3472 5234
580 324 783 406 Anm1384.
807 361 851 371 -
871 341 905 403 9.
929 328 1089 388 decembris.
1410 347 1470 408 225

318 543 396 604 Item
421 561 515 602 causa
546 540 714 602 Michaelis
745 539 803 601 filii
827 539 977 601 Damiani
1010 550 1119 600 contra
1148 537 1325 621 Georgium
1349 541 1473 602 stachu·

214 649 338 710 narium
363 648 403 710 ad
428 661 577 709 octavum
601 647 686 707 diem
711 660 758 707 est
781 658 961 727 prorogata.

319 754 396 816 Item
423 753 589 835 Philippus
617 751 702 813 filius
729 751 848 813 Wiach
879 762 989 813 contra
1014 750 1192 814 Johannem
1224 752 1330 835 prImo
1360 753 1473 814 citatus

210 881 276 924 non
301 860 491 942 comparuit.

316 968 394 1029 Item
420 965 587 1027 Emericus
610 983 743 1047 arcupar
766 964 866 1025 tercio
889 984 921 1025 se
945 983 1039 1047 super
1065 984 1103 1026 eo
1127 977 1241 1026 octavo
1266 964 1318 1026 die
1343 965 1470 1046 jurabit,

212 1074 300 1155 quod
325 1073 392 1155 ipse
416 1073 449 1133 in
474 1071 615 1152 quodam
640 1070 725 1132 facto
745 1070 944 1152 potenciario
968 1085 1078 1132 contra
1103 1071 1215 1132 Raden
1240 1086 1331 1135 esset.

319 1178 397 1239 Item
415 1177 523 1239 Mathe
539 1175 686 1258 gladipar
702 1176 844 1237 secundo
868 1195 900 1236 se
917 1187 1032 1238 octavo
1055 1176 1108 1238 die
1125 1176 1157 1237 in
1175 1195 1214 1238 eo
1237 1175 1365 1257 jurabit,
1382 1178 1471 1258 quod

210 1285 278 1366 ipse
304 1283 487 1365 Jurinnum
511 1283 695 1365 piliatorem
720 1301 785 1343 non
809 1283 1029 1364 vituperasset,
1054 1302 1112 1343 nec
1136 1282 1260 1365 lapides
1283 1282 1315 1343 in
1340 1282 1473 1345 domum

210 1409 300 1451 suam
326 1390 359 1451 in
383 1388 598 1471 preiudicium
622 1407 716 1450 suum
741 1387 887 1465 misisset,
912 1388 971 1449 nisi
995 1407 1091 1469 super
1115 1408 1237 1451 canem.

316 1495 394 1558 Item
412 1494 611 1576 Dragozlaus
632 1508 741 1555 contra
768 1493 968 1555 Anthonium
985 1493 1124 1574 juratum
1149 1495 1253 1577 primo
1270 1495 1384 1557 citatus
1408 1515 1473 1557 non

210 1600 400 1682 comparuit.

315 1706 391 1767 Item
418 1705 579 1767 Johannes
602 1703 786 1785 Iuciiigulus
810 1716 920 1767 contra
945 1706 1087 1768 Marcum
1113 1707 1254 1768 secundo
1271 1708 1385 1770 citatus
1409 1728 1473 1770 non

210 1810 400 1893 comparuit.
986 1790 988 1795 ⁵

448 2027 543 2101 FerIa
572 2041 670 2102 sexta
700 2039 776 2119 post
803 2031 926 2102 festum
955 2034 1064 2103 sancti
1094 2032 1232 2104 Nicolai.

720 2185 768 2262 (9.
792 2184 963 2260 decembris).

319 2322 397 2384 Item
414 2341 507 2385 causa
533 2323 623 2384 Pauli
641 2323 757 2385 sutoris
774 2337 882 2385 contra
904 2324 1084 2386 Johannem
1100 2339 1241 2387 sutorem
1259 2327 1300 2387 ad
1325 2341 1474 2390 octavum

210 2427 297 2489 diem
323 2428 362 2489 ad
387 2447 498 2510 pacem
524 2442 569 2489 est
597 2443 732 2511 recepta.

315 2535 394 2596 Item
425 2548 519 2596 testes
551 2533 700 2616 Gregorii
733 2548 843 2596 contra
875 2535 1055 2597 Iohannem
1080 2556 1208 2599 causam
1240 2538 1280 2600 ad
1314 2538 1473 2602 delibera·

210 2641 337 2703 cionem
362 2656 559 2723 receperunt.

318 2748 396 2809 Item
421 2747 585 2809 Renaldus
610 2746 754 2809 Gallicus
777 2761 878 2810 sartor
901 2767 957 2830 per
988 2761 1083 2809 testes
1103 2745 1247 2810 efficaces
1270 2749 1302 2809 id
1326 2768 1474 2831 compro-

211 2855 311 2933 bavit,
335 2854 423 2936 quod
456 2854 568 2916 decem
592 2854 697 2936 pelvis
722 2867 754 2915 et
784 2853 969 2935 quiudecim
1003 2852 1102 2931 Irene,
1134 2853 1174 2916 de
1206 2854 1323 2935 quibus
1348 2853 1473 2917 Golbaz

211 2962 414 3023 Teutunicus
438 2959 617 3042 affugisset,
642 2960 741 3041 ipsius
764 2959 901 3021 Renaldi
931 2957 1078 3037 fuerunt,
1102 2959 1163 3020 hoc
1188 2958 1359 3040 declarato,
1383 2960 1473 3042 quod

209 3069 235 3131 si
267 3068 429 3152 predictus
453 3066 578 3129 Golbaz
613 3085 714 3147 usque
744 3066 829 3127 diem
862 3065 1060 3148 carnisprivii
1091 3077 1268 3147 reportaret
1303 3078 1335 3127 et
1366 3066 1472 3127 eidem

210 3176 357 3237 Renaldo
381 3174 465 3235 dicet
489 3173 611 3255 aliquid
634 3172 834 3255 persolvisse,
861 3185 938 3234 tunc
955 3162 1127 3254 Gyaninus'
1146 3171 1216 3232 Bon
1234 3191 1292 3254 pro
1318 3171 1388 3254 ipso
1412 3172 1475 3233 Re·

210 3281 308 3343 naldo
332 3300 391 3363 pro
416 3279 528 3361 vIginti
553 3278 622 3341 flor.
637 3278 705 3340 auri
729 3292 776 3339 est
791 3276 960 3339 fideiussor
985 3296 1084 3358 usque
1108 3292 1234 3358 tempus
1258 3288 1473 3359 prenotatam.

315 3388 395 3450 Item
420 3385 601 3468 Stephanus
632 3398 721 3447 sutor
752 3397 861 3446 contra
893 3382 1101 3465 Dragonyam
1131 3382 1237 3464 primo
1261 3383 1375 3445 citatus
1408 3402 1474 3444 non

211 3493 401 3576 comperuit.

316 3599 392 3661 Item
404 3597 601 3678 Dragozlaus
614 3610 723 3658 contra
736 3595 937 3657 Anthonium
951 3594 1050 3656 Renis
1062 3608 1176 3658 octavo
1190 3594 1241 3657 die
1254 3593 1474 3676 respondebit.

317 3704 396 3766 Item
421 3704 504 3765 Rees
527 3721 600 3764 cum
626 3702 788 3764 PeterIIno
813 3720 913 3782 usque
930 3714 1079 3763 octavum
1104 3700 1191 3763 diem
1208 3701 1289 3762 inter
1314 3721 1347 3762 se
1371 3700 1473 3762 racio·

210 3830 284 3872 nem
310 3811 429 3872 debent
452 3808 566 3870 facere.

316 3917 394 3978 Item
428 3915 575 3999 Mychael
611 3928 711 3976 sartor
746 3929 856 3976 contra
893 3912 1091 3995 Stephanum
1124 3913 1229 3995 primo
1260 3913 1373 3974 citatus
1408 3931 1474 3973 non

211 4023 399 4106 comparuit.

316 4130 393 4191 Item
419 4147 513 4189 causa
530 4126 629 4187 Marci
655 4139 765 4187 contra
783 4125 941 4209 Janecych
966 4125 1006 4186 ad
1024 4139 1172 4187 octavum
1195 4124 1281 4186 diem
1306 4123 1346 4185 ad
1364 4142 1476 4205 pacem

211 4249 258 4297 est
282 4248 419 4317 recepta.

315 4341 394 4402 Item
429 4339 589 4420 Georgius
621 4352 723 4400 sartor
753 4352 862 4400 contra
894 4338 1058 4399 Andream
1088 4335 1232 4399 secundo
1263 4334 1378 4395 citatus
1409 4352 1475 4395 non

211 4447 400 4529 comparuit.

316 4552 394 4614 Item
426 4572 520 4614 causa
551 4550 692 4633 Philippi
725 4562 835 4613 contra
867 4548 1047 4611 Iohannem
1075 4547 1117 4610 ad
1147 4560 1298 4609 octavum
1323 4544 1409 4607 diem
1435 4542 1476 4604 ad

210 4677 321 4741 pacem
347 4672 393 4721 est
417 4672 553 4739 recepta.

317 4765 394 4858 Item
420 4764 573 4825 Nicolaus
596 4775 705 4825 contra
729 4761 837 4824 Endre
862 4760 967 4844 primo
991 4760 1105 4822 citatus
1127 4777 1192 4821 non
1218 4756 1409 4840 comparuit.

1335 4865 1369 4925 ¹5
