3472 5234
227 320 291 381 254
631 295 832 377 Anno1386.
856 333 897 345 —
921 313 973 374 29·
996 301 1077 360 maii.

327 514 407 576 Item
439 512 593 575 Clemens
627 512 766 593 piscator
796 523 905 573 contra
942 509 1066 572 Jursich
1097 509 1239 571 secundo
1276 511 1390 573 citatus
1421 529 1489 572 non

223 620 414 704 comparuit.

330 725 407 787 Item
433 725 570 786 Mathias
593 724 715 806 juratus
730 735 839 784 contra
860 722 1035 784 Nicolaum
1049 736 1164 784 octavo
1188 721 1241 783 die
1266 721 1486 803 respondebit.

328 833 407 894 Item
432 830 608 892 HansIInus
632 829 800 892 Lochahar
823 843 933 891 contra
958 827 1129 891 Ortolliich
1155 828 1263 910 primo
1285 829 1400 891 citatus
1424 848 1490 891 non

224 938 414 1021 comparuit.

329 1044 407 1105 Item
433 1041 594 1104 Iohannes
618 1041 771 1119 literatus,
796 1040 931 1121 Egidius
955 1040 1103 1103 sacerdos
1131 1053 1240 1103 contra
1265 1041 1407 1103 reIIctam
1434 1041 1488 1102 Jo-

223 1150 338 1214 hannis
360 1150 490 1213 sartoris
513 1149 618 1231 prImo
642 1147 728 1209 citati
757 1166 823 1209 non
847 1160 1107 1228 comparuerunt.

330 1276 407 1337 Item
431 1274 544 1358 Cygan
577 1287 687 1335 contra
719 1270 901 1334 Iohannem
933 1273 1038 1354 prImo
1063 1273 1176 1334 citatus
1208 1291 1274 1334 non
1299 1272 1490 1355 comparuit.

330 1383 409 1444 Item
434 1401 527 1443 causa
553 1377 718 1443 BenedIcti
743 1376 899 1440 carnificis
916 1391 1027 1439 contra
1051 1378 1138 1440 Iwan
1162 1377 1203 1439 ad
1228 1391 1379 1440 octavum
1403 1376 1490 1439 diem

226 1488 265 1551 ad
289 1507 402 1570 pacem
427 1501 474 1548 est
497 1499 632 1569 recepta.

330 1594 408 1656 Item
440 1591 558 1674 (causa)
590 1591 744 1654 Iohannis
777 1590 834 1653 lilii
860 1589 1015 1652 Hermani
1049 1601 1158 1652 contra
1190 1590 1320 1652 Petrum
1353 1589 1490 1670 longum

226 1701 267 1763 ad
292 1714 440 1763 octavum
466 1698 552 1760 diem
577 1697 617 1759 ad
642 1717 754 1780 pacem
778 1710 826 1759 est
849 1710 985 1778 recepta,
1010 1695 1105 1758 debet
1128 1694 1334 1779 respondere.

331 1806 410 1867 Item
427 1824 520 1866 causa
546 1803 659 1886 Cygan
683 1816 715 1865 et
737 1803 786 1864 sui
810 1801 923 1865 famuli
952 1815 1060 1864 contra
1087 1801 1279 1883 Gregorium
1305 1800 1423 1883 Angeli
1446 1802 1488 1863 ad

226 1926 377 1974 octavum
401 1911 487 1972 dlem
511 1910 552 1971 ad
577 1929 688 1992 pacem
713 1923 759 1971 est
782 1922 918 1991 recepta.

330 2035 408 2096 Item
432 2033 551 2113 Iglicha
576 2046 685 2094 contra
711 2032 869 2114 Scitarigh
891 2033 996 2115 primo
1027 2032 1140 2093 citatus
1164 2050 1230 2094 non
1255 2032 1445 2114 comparuit.

332 2158 410 2219 Item
435 2171 530 2219 testes
561 2176 688 2219 causam
721 2156 860 2240 Philippi
891 2169 1001 2218 contra
1033 2156 1235 2218 Anthonium
1267 2155 1308 2217 ad
1341 2169 1492 2218 octavum

226 2265 313 2328 diem
338 2264 378 2325 ad
402 2283 513 2346 pacem
538 2276 737 2345 receperunt.

329 2371 408 2432 Item
432 2369 601 2452 Philippus
624 2388 726 2450 usque
750 2367 931 2450 qulndenas
948 2366 1114 2429 Anthonio
1140 2387 1235 2429 unam
1261 2387 1403 2429 marcam
1427 2368 1491 2429 sol-

225 2495 300 2537 vere
325 2476 430 2539 debet.

330 2582 409 2645 Item
434 2581 602 2665 Philippus
625 2602 682 2665 per
706 2581 849 2643 Blasium
874 2594 906 2643 et
929 2594 1110 2643 consortem
1136 2579 1272 2662 Mykech
1298 2593 1413 2642 octavo
1439 2579 1492 2641 die

227 2690 386 2752 atestabit.

330 2795 410 2859 Item
443 2794 640 2878 Sysakouich
665 2795 819 2856 Nicolaua
851 2808 960 2855 contra
992 2793 1171 2855 Iohannem
1204 2792 1347 2854 secundo
1378 2793 1493 2854 citatus

226 2923 292 2964 non
317 2903 506 2984 comparuit.

332 3009 411 3070 Item
436 3007 599 3069 Iohannes
623 3005 707 3068 filius
730 3004 849 3066 chhk
874 3019 984 3066 contra
1009 3004 1180 3066 Nicolaum
1212 3004 1354 3066 secundo
1379 3005 1493 3065 citatus

227 3134 293 3176 non
318 3113 508 3195 comparuit.

333 3219 409 3280 Item
429 3217 589 3298 Georgius
612 3216 854 3278 molendinator
874 3235 931 3297 per
946 3216 1117 3277 Nicolaum
1137 3216 1325 3278 Sisalaouich
1350 3230 1381 3276 et
1405 3215 1491 3276 Iwan

227 3324 379 3408 Loytrich
405 3336 435 3385 et
460 3323 581 3384 Petheu
605 3322 667 3383 hoc
694 3322 851 3400 atestabit,
883 3322 971 3402 quod
996 3320 1154 3383 Janchech
1181 3322 1262 3383 duos
1285 3342 1360 3383 suos
1384 3322 1491 3386 asinos

227 3429 431 3492 Interfecerit.

332 3534 410 3596 Item
435 3535 546 3595 Kusko
570 3547 681 3595 contra
698 3533 875 3616 Petrenych
899 3534 1004 3615 prirno
1029 3533 1142 3595 citatus
1163 3554 1228 3595 non
1254 3534 1443 3615 comparuit.

333 3640 410 3701 Item
434 3639 604 3702 Ladislaus
628 3639 711 3701 tular
727 3640 840 3720 viginti
866 3659 987 3701 marcas
1004 3639 1211 3701 denariorum
1230 3639 1389 3721 Mychaeli
1407 3639 1492 3701 auri·

227 3744 318 3807 labro
343 3746 468 3807 solvere
493 3745 598 3808 debet.

332 3870 410 3931 Item
435 3869 522 3951 quod
547 3869 621 3950 quia
639 3868 801 3951 quandam
824 3882 940 3930 terram
958 3869 1120 3930 Iohannes
1137 3869 1220 3931 filius
1238 3870 1349 3931 militis
1365 3870 1490 3951 Ztoyan

225 3976 300 4037 dare
326 3995 390 4037 non
415 3976 530 4057 potuit,
556 3975 629 4037 ideo
646 3976 819 4054 terragium
844 3975 911 4056 ipse
929 3976 1053 4057 Ztoyan
1071 3975 1110 4036 de
1137 3977 1203 4057 ipsa
1223 3990 1304 4038 terra
1328 3976 1403 4037 dare
1421 3995 1489 4037 non

226 4095 382 4143 teneatur.

330 4315 427 4389 Faria
457 4321 563 4389 tercia
592 4321 748 4407 proxima
777 4327 854 4390 ante
874 4319 996 4390 festum
1015 4316 1232 4389 Ascensionis
1261 4321 1395 4390 domini.

766 4490 832 4567 (29.
856 4489 947 4550 ntaiil.

333 4647 410 4709 Item
443 4647 534 4710 Duch
567 4647 652 4710 lilius
683 4647 835 4731 Georgii,
869 4648 1031 4710 Barnabas
1062 4663 1093 4711 et
1121 4647 1223 4708 Iwech
1261 4661 1349 4710 sutor
1380 4660 1491 4710 contra

228 4751 407 4814 Iohannem
432 4754 603 4836 Hlebopclc
627 4755 732 4836 prImo
756 4754 842 4817 citati
867 4773 932 4816 non
957 4768 1214 4836 comparuerunt.
