3472 5234
244 314 302 397 178
635 316 721 372 Anno
746 311 838 391 1382.
864 349 904 358 -
927 327 975 392 17.
991 317 1084 392 junii.

344 526 422 588 Item
447 527 564 587 mulier
588 525 720 589 Chernk
743 539 857 588 octavo
882 526 933 588 die
965 527 1105 589 secunda
1130 547 1163 589 se
1195 546 1353 609 supereo
1377 526 1505 609 jurabit,

237 632 327 714 quod
351 632 453 713 ipsam
479 630 639 714 Georgius
663 631 803 693 famulus
827 632 951 694 Mareni
975 634 1177 714 percusserit.

344 738 424 800 Item
455 737 542 799 idem
575 736 736 818 Georgius
767 752 881 800 octavo
914 737 966 799 die
994 739 1094 800 tercio
1122 759 1155 800 se
1188 758 1347 821 supereo
1377 738 1504 820 jurabit,

237 845 327 927 quod
351 846 419 926 ipse
443 844 600 926 quosdam
626 844 776 906 denarios
800 845 927 906 mulieri
952 843 1082 907 Chernk
1106 865 1172 908 non
1196 846 1363 927 receperit.

344 950 421 1011 Item
455 950 572 1010 mulier
602 949 804 1031 Margaretha
836 969 932 1031 super
967 970 1006 1012 eo
1038 964 1153 1012 octavo
1186 950 1237 1012 die
1269 950 1386 1031 jurabit
1416 951 1504 1032 quod

237 1055 388 1118 Chernka
402 1056 576 1135 quemdam
590 1056 828 1137 manutergium
839 1057 921 1117 circa
934 1056 1036 1138 ipsam
1053 1076 1112 1138 pro
1125 1056 1154 1116 X
1168 1056 1502 1138 denariisperbiberit.

345 1161 424 1223 Item
448 1161 602 1223 Nicolaus
626 1160 711 1222 filius
744 1159 934 1224 Gerdauech
963 1162 1105 1224 secundo
1129 1183 1162 1224 se
1195 1177 1309 1225 octavo
1333 1163 1385 1225 die
1409 1182 1504 1245 super

238 1287 277 1330 eo
301 1267 429 1349 jurabit,
451 1267 540 1348 quod
565 1267 670 1349 ipsum
693 1266 817 1328 Videch
842 1268 1056 1349 percussisset.

344 1373 423 1434 Item
446 1372 586 1434 WIchen
611 1385 725 1436 octavo
743 1373 795 1434 die
819 1372 1015 1435 duodecimo
1032 1393 1065 1435 se
1089 1392 1184 1455 super
1207 1392 1246 1434 eo
1271 1372 1397 1454 jurabit,
1414 1372 1501 1454 quod

237 1480 305 1561 ipse
330 1479 494 1560 quandam
519 1498 637 1561 equam
653 1479 835 1561 jobagionis
860 1479 1015 1541 Iohannis
1031 1480 1071 1541 de
1089 1479 1200 1542 Chech
1217 1498 1282 1540 nou
1299 1478 1501 1556 subtraxerit,

236 1585 292 1646 sed
317 1585 384 1668 ipse
407 1584 538 1667 jobagio
563 1585 698 1647 eandem
722 1586 783 1647 sibi
807 1585 847 1648 ad
872 1585 1079 1648 vendendum
1103 1585 1321 1666 assignaverit.

263 1803 361 1878 Faria
389 1807 498 1878 tercia
525 1807 680 1894 proxima
709 1814 786 1894 post
816 1805 940 1877 festum
967 1807 1144 1875 beatorum
1173 1803 1243 1874 Viti
1272 1811 1305 1873 et
1334 1802 1475 1873 Modesti

776 1930 964 1999 martirum.

777 2083 837 2156 (17.
854 2081 960 2155 justit).

339 2218 416 2279 Item
453 2219 609 2280 MattInus
633 2218 816 2300 Herketych
851 2232 961 2280 contra
994 2217 1173 2279 Johannem
1209 2230 1323 2278 octavo
1357 2217 1409 2277 die
1450 2235 1498 2277 re·

236 2324 418 2405 spondebit.

342 2430 421 2492 Item
443 2431 594 2491 Marenus
618 2429 755 2491 condam
774 2429 894 2499 iuratus
919 2444 1028 2490 contra
1046 2430 1158 2490 Kusko
1182 2429 1287 2511 primo
1304 2429 1418 2490 citatus
1434 2449 1500 2491 non

238 2536 428 2617 comparuit.

340 2641 418 2703 Item
443 2641 553 2703 relicta
577 2641 723 2703 Budizlai
748 2655 857 2703 contra
876 2642 1064 2702 Kuskonem
1089 2641 1194 2723 primo
1211 2641 1304 2703 citata
1329 2660 1395 2702 uon
1412 2660 1500 2702 com·

235 2747 352 2828 paruit.

341 2853 418 2913 Item
444 2853 599 2914 Martinus
623 2853 778 2935 Zekyrich
809 2866 919 2914 contra
951 2852 1116 2913 Martonos
1148 2851 1252 2932 prImo
1285 2852 1398 2912 citatus
1434 2871 1499 2912 non

234 2958 424 3038 comparuit.

341 3062 418 3123 Item
443 3062 635 3123 Valentinus
664 3063 788 3124 Berend
822 3076 930 3124 contra
957 3061 1120 3125 Matheiko
1155 3062 1336 3124 carnificem
1360 3076 1391 3124 et
1416 3063 1499 3123 Mar·

236 3167 340 3227 tinum
365 3181 518 3227 sartorem
544 3167 575 3226 in
600 3167 705 3248 prImo
730 3167 850 3245 judicio
874 3182 946 3249 post
962 3168 1136 3228 adventum
1162 3168 1238 3228 dicti
1263 3167 1426 3229 VaIentIni
1451 3187 1499 3227 re·

234 3271 418 3351 spondebit.

340 3376 418 3436 Item
442 3376 592 3457 Bedycha
617 3391 727 3439 contra
753 3379 892 3440 Judeum
917 3395 1031 3442 octavo
1057 3380 1109 3441 die
1134 3380 1354 3460 respondebit.

341 3482 417 3542 Item
444 3480 620 3561 Gregorius
645 3483 729 3544 filius
753 3484 908 3546 Iohannis
937 3500 1046 3547 contra
1080 3486 1258 3547 Johannem
1284 3484 1387 3546 filium
1412 3486 1497 3546 Luce

235 3600 350 3647 octavo
375 3588 425 3647 die
451 3588 667 3661 respondebit.

341 3691 419 3752 Item
445 3693 602 3754 Martinus
625 3695 781 3777 Zekyrich
806 3711 915 3757 contra
933 3698 1076 3758 relictam
1091 3697 1198 3758 Endre
1223 3697 1263 3759 de
1287 3698 1365 3759 turri
1383 3711 1497 3759 octavo

234 3797 285 3856 die
312 3798 528 3877 respondebit.

344 3903 420 3962 Item
446 3903 577 3964 domina
610 3904 718 3966 relicta
751 3907 930 3968 Sebastiani
962 3923 1076 3968 octavo
1106 3908 1157 3970 die
1189 3929 1284 3990 super
1308 3929 1346 3970 eo
1370 3909 1498 3987 jurabit,

234 4008 322 4088 quod
347 4008 498 4069 dominus
522 4010 674 4070 Nicolaus
694 4012 947 4094 archydiaconus
971 4013 1115 4095 predicto
1134 4014 1322 4076 Sebastiano
1347 4029 1420 4076 octo
1438 4013 1496 4077 flo-

234 4132 338 4190 renos,
365 4133 421 4194 per
445 4129 507 4175 tres
531 4135 644 4196 pensas
669 4119 897 4198 computando,
924 4138 989 4179 non
1015 4120 1227 4200 persolvisset.

340 4217 417 4278 Item
443 4239 536 4280 causa
562 4222 659 4282 Marci
684 4222 740 4282 fiIii
767 4223 902 4303 IIIyItech
936 4238 1045 4284 contra
1071 4224 1223 4306 Gyurgek
1248 4226 1432 4308 Blanchych
1456 4229 1497 4289 ad

234 4335 383 4382 octavum
408 4324 494 4384 diem
518 4326 558 4385 ad
582 4346 692 4407 pacem
719 4343 765 4388 est
790 4343 926 4410 recepta.

340 4428 418 4489 Item
445 4431 551 4492 Mathe
576 4447 665 4492 sutor
687 4448 797 4494 contra
823 4435 908 4514 Span
941 4436 1046 4516 primo
1071 4437 1184 4497 citatus
1215 4457 1280 4497 non
1305 4439 1495 4520 comparuit.

339 4533 416 4594 Item
431 4534 598 4617 Gyaninus
623 4537 706 4599 filius
724 4539 899 4620 Mychaelis
918 4561 1018 4623 usque
1036 4543 1169 4603 tercium
1195 4544 1281 4604 diem
1299 4544 1408 4604 Marco
1427 4543 1495 4605 filio

234 4635 370 4716 Mykech
404 4641 608 4702 medietatem
641 4644 807 4705 cuiusdam
839 4648 974 4726 pecunie
1006 4648 1037 4708 in
1070 4648 1265 4729 quibusdam
1289 4651 1390 4712 literis
1420 4670 1496 4713 con·

232 4741 347 4822 scripte
370 4744 483 4808 solvet.
