3472 5234
663 323 859 403 Ann01378.
887 359 924 370 -
949 338 999 401 25.
1025 329 1113 388 maii.

359 537 438 597 ltem
455 536 479 596 F
482 535 611 615 rauche,
629 536 777 618 Mychael
802 537 961 620 Damyani
979 552 1009 598 et
1027 538 1183 600 Martinus
1204 552 1315 612 eontra
1340 540 1522 602 lohannem

256 642 372 705 Lieber
395 643 501 724 primo
525 643 611 703 citati
641 662 706 703 non
730 656 988 724 comparuerunt.

361 766 439 828 Item
457 765 562 827 Blasia
587 766 703 827 mulier
726 780 836 827 contra
860 765 1031 827 Nicolaum
1056 766 1198 828 secundo
1226 769 1320 831 citata
1344 789 1410 831 non
1435 789 1523 832 com·

256 873 373 956 paruit.

362 980 440 1041 ltem
465 977 629 1040 lohannes
661 978 801 1038 decanus
837 990 946 1038 contra
971 979 1141 1041 Nicolaum
1175 980 1280 1062 primo
1304 980 1418 1042 citatus
1457 1000 1523 1043 non

253 1085 444 1169 comparuit.

360 1191 437 1252 ltem
463 1190 662 1251 Laurentius
687 1187 831 1251 Gallicus
855 1203 965 1250 contra
998 1175 1164 1252 Andream
1186 1192 1292 1274 primo
1317 1193 1430 1254 citatus
1454 1212 1521 1254 non

254 1297 445 1379 comparuit.

359 1401 437 1462 Item
462 1402 613 1462 Marenus
644 1399 784 1481 lapicida
816 1412 927 1461 contra
951 1400 1150 1462 Demetrium
1183 1402 1382 1464 sacerdotem
1407 1415 1523 1464 octavo

257 1507 309 1569 die
333 1507 551 1588 respondebit.

359 1614 438 1676 ltem
456 1613 568 1675 Petrus
593 1625 703 1674 contra
728 1612 918 1693 Fabyanum
949 1612 1112 1675 literatum
1136 1613 1279 1676 secundo
1309 1615 1424 1676 citatus
1455 1634 1522 1676 non
1578 1640 1581 1647 ·

255 1720 445 1802 comparuit.

361 1825 439 1886 ltem
465 1822 647 1905 Stephanus
675 1822 832 1884 Crisozlai
865 1836 974 1884 contra
1007 1821 1146 1904 judicem
1170 1826 1276 1907 primo
1309 1826 1423 1887 citatus
1454 1845 1519 1887 non

256 1932 445 2010 comparuit.

363 2036 439 2097 ltem
466 2033 625 2096 Janchech
649 2032 810 2096 aurifaber
833 2035 987 2115 magistro
1012 2036 1106 2098 Petro
1124 2037 1162 2097 de
1190 2037 1280 2099 Cheh
1306 2038 1334 2098 ll
1358 2037 1428 2099 flor.
1452 2039 1521 2099 auri

257 2141 288 2201 in
314 2140 486 2221 quindenis
510 2139 674 2201 exsolvere
698 2139 794 2201 debet
818 2140 961 2202 indilate.

360 2263 437 2324 ltem
455 2264 479 2324 F
483 2263 613 2340 rancha,
639 2264 795 2324 Martinus
812 2278 842 2324 et
859 2262 997 2325 Michael
1019 2265 1178 2348 Damyani
1203 2281 1313 2328 contra
1338 2266 1520 2349 Magicham

254 2369 423 2431 mulierem
452 2370 556 2451 primo
582 2368 665 2430 citati
694 2389 758 2430 non
783 2386 1043 2450 comparuerunt.

359 2475 437 2536 ltem
462 2477 525 2537 Res
548 2489 658 2536 contra
683 2476 858 2536 Renarium
883 2476 1026 2537 secundo
1058 2477 1171 2539 citatus
1196 2497 1261 2538 non
1286 2477 1476 2557 comparuit.

361 2582 439 2644 ltem
464 2601 557 2642 causa
582 2581 716 2642 luchech
745 2581 934 2662 carpentarii
968 2595 999 2644 et
1022 2582 1148 2644 Nicolai
1181 2597 1227 2644 est
1251 2603 1307 2665 per
1332 2583 1520 2664 magistrum

257 2689 393 2751 Paulum
417 2689 457 2749 ad
482 2702 555 2750 octo
580 2688 648 2749 dies
673 2701 798 2769 recepta
823 2688 862 2748 ad
889 2708 1011 2769 pacem.

361 2813 439 2873 Item
464 2832 556 2873 causa
582 2811 733 2893 Symonis
757 2825 788 2871 et
815 2811 940 2872 Nicolai
965 2824 1012 2871 est
1043 2830 1099 2892 per
1123 2810 1262 2891 judicem
1287 2811 1328 2872 ad
1353 2825 1426 2872 octo
1451 2810 1520 2873 dies

255 2934 436 3004 prorogata.

363 3024 440 3086 ltem
466 3024 567 3085 Elena
591 3024 707 3084 mulier
738 3037 851 3083 octavo
885 3023 937 3083 die
965 3042 997 3082 se
1029 3023 1125 3084 tercia
1149 3022 1266 3101 jurabit
1298 3025 1330 3084 in
1355 3043 1405 3102 eo,
1429 3023 1519 3105 quod

256 3132 322 3213 ipsa
349 3131 428 3191 duas
451 3144 532 3190 setas
557 3130 677 3189 Traute
702 3129 828 3189 mulieri
854 3147 918 3189 non
951 3128 1093 3206 dederit,
1118 3142 1149 3189 et
1181 3129 1296 3190 eodem
1321 3129 1373 3190 die
1404 3145 1520 3190 octavo

254 3236 306 3296 die
332 3236 370 3296 de
397 3236 463 3315 ipsa
489 3234 631 3295 Treutha
656 3233 813 3311 iusticiam
837 3232 1000 3294 faciemus.

360 3359 437 3419 ltem
457 3358 606 3417 Marenus
623 3370 731 3417 contra
750 3356 951 3417 Anthonium
964 3357 1106 3417 secundo
1121 3357 1234 3417 citatus
1250 3376 1316 3417 non
1330 3358 1520 3439 comparuit.

362 3462 439 3523 ltem
457 3462 619 3522 lohannes
632 3476 742 3523 contra
760 3461 939 3544 Georgium
956 3462 1098 3523 secundo
1115 3463 1229 3523 citatus
1245 3482 1311 3523 non
1329 3464 1519 3544 comparuit.

360 3570 436 3629 ltem
462 3568 587 3629 Blasius
611 3582 698 3628 actor
722 3569 858 3630 existens
883 3584 992 3630 contra
1011 3568 1209 3649 Stephanum
1234 3589 1299 3630 non
1326 3571 1518 3651 comparuit,

256 3693 333 3754 ergo
358 3694 484 3733 causam
511 3674 650 3754 perdidit
674 3688 704 3735 et
728 3688 774 3735 est
798 3675 962 3735 convictus
988 3675 1018 3735 in
1045 3674 1081 3734 lll
1107 3674 1222 3754 pensis.

363 3798 440 3857 ltem
465 3798 577 3858 Marito
602 3798 841 3860 molendinator
865 3813 974 3859 contra
991 3798 1162 3859 Nicolaum
1187 3812 1274 3859 actor
1298 3800 1435 3861 existens
1453 3820 1518 3862 non

256 3903 445 3982 comparuit.

359 4007 435 4068 ltem
463 4008 607 4086 Dragech
635 4023 665 4069 et
697 4009 817 4069 Petheu
850 4023 959 4069 contra
991 4008 1137 4069 Matheus
1169 4009 1312 4071 secundo
1336 4011 1421 4072 citati
1449 4031 1514 4073 non

252 4127 508 4192 comparuerunt.

348 4345 444 4419 Faria
472 4350 579 4419 tercia
606 4352 761 4437 proxima
790 4361 867 4419 ante
894 4349 1018 4420 festum
1046 4352 1260 4422 ascensionis
1289 4353 1424 4425 domini.

784 4497 849 4577 (25.
881 4499 978 4575 maii).

357 4637 464 4699 Primo
497 4639 643 4701 Elizabet
679 4641 794 4702 mulier
825 4653 934 4701 contra
959 4661 1009 4702 ser
1040 4641 1251 4703 Benedictum
1286 4644 1390 4725 primo
1422 4646 1517 4708 citata

252 4758 316 4801 non
343 4745 532 4825 comparuit.
