3472 5234
649 278 847 355 Ann01375.
871 311 913 322 -
931 294 966 356 3.
991 280 1103 353 aprilis.

359 489 436 551 Item
460 507 553 550 causa
579 488 678 550 Marci
701 487 757 551 filii
783 487 942 551 Leonardi
967 501 999 550 et
1015 487 1164 570 Gregorii
1188 500 1234 550 est
1257 507 1314 569 per
1338 486 1516 549 Francham

253 594 452 658 aurifabrum
477 595 517 656 ad
541 607 614 657 octo
640 594 707 657 dies
731 608 858 678 recepta
882 594 922 655 ad
944 613 1068 676 pacem.

358 701 438 765 Item
463 721 557 764 causa
580 701 706 764 Nicolai
730 700 788 764 filii
812 700 903 763 Pauli
920 714 952 763 et
973 701 1081 762 relicte
1106 699 1177 761 Elie
1200 698 1383 761 stationarii
1407 711 1453 761 est
1476 698 1516 761 ad

252 807 365 871 feriam
388 821 510 870 sextam
533 807 714 891 proximam
737 820 810 890 post
838 805 956 870 festum
986 807 1154 868 beatorum
1186 803 1326 889 Philippi
1352 817 1383 867 et
1406 803 1516 867 Jacobi

252 927 435 998 prorogata.
636 924 640 931 '

358 1021 438 1084 Item
463 1022 586 1082 Munlro
611 1035 726 1083 octavo
751 1018 974 1099 dieatestabit‚
998 1032 1033 1081 ut
1055 1019 1171 1081 melius
1194 1016 1320 1101 poterit,
1344 1017 1433 1100 quod
1449 1017 1517 1100 ipse

251 1147 324 1189 suas
347 1125 455 1209 fruges
480 1127 513 1188 iu
537 1126 682 1208 quodam
704 1126 822 1188 scrinio
846 1126 879 1188 ln
904 1124 1002 1187 domo
1028 1124 1138 1187 Scorta
1163 1122 1312 1205 Gregorii
1343 1122 1516 1186 habuisset.

357 1232 436 1294 Item
461 1232 619 1294 Martinus
641 1232 771 1316 seIIIpar
794 1245 905 1295 contra
928 1230 1065 1292 Paulum
1091 1230 1252 1292 literatum
1275 1230 1380 1312 primo
1404 1229 1517 1292 citatus

253 1358 319 1401 non
343 1337 534 1421 comparuit.

358 1445 437 1506 Item
460 1443 640 1505 Peterliuus
663 1442 837 1506 Zeualiche
861 1442 893 1505 in
926 1441 1099 1525 quindenis
1129 1462 1248 1505 norem
1271 1462 1386 1525 pensas
1417 1441 1515 1505 dena·

253 1549 376 1612 riorum
399 1549 573 1632 persolvet.
1473 1533 1477 1539 ⁴

357 1655 436 1718 Item
461 1653 606 1717 Thomas
630 1668 740 1716 contra
765 1656 934 1717 Marenum
964 1667 1053 1717 actor
1076 1655 1213 1717 existens
1236 1673 1301 1716 non
1326 1654 1516 1736 comparuit.

357 1761 436 1823 Item
460 1759 637 1843 Gregorius
660 1760 790 1823 Andree
818 1759 957 1823 condam
988 1759 1092 1840 jurato
1117 1761 1148 1821 in
1182 1759 1354 1842 quindenis
1378 1771 1516 1840 quatuor

253 1887 368 1950 pensas
391 1867 560 1950 persolvet.

357 1974 436 2036 Item
460 1973 613 2036 Nicolaus
635 1973 736 2036 Iuano
760 1973 792 2036 in
817 1974 990 2056 quindenis
1015 1975 1040 2037 II
1064 1974 1134 2037 flor.
1158 1974 1329 2057 persolvet.
1358 2044 1359 2047 Ἴ

358 2080 437 2141 Item
472 2079 591 2142 Paulus
626 2079 715 2143 faber
744 2101 802 2163 per
827 2081 914 2143 Mike
954 2072 1068 2143 octavo
1104 2081 1156 2142 die
1188 2080 1334 2142 atestabit
1365 2078 1397 2140 in
1433 2076 1516 2139 facto

254 2185 488 2268 quinquaginta
512 2185 728 2250 denariorum.

358 2292 450 2354 Item¹
468 2292 674 2353 Sebastianus
706 2292 844 2355 condam
872 2292 969 2374 judex
1002 2293 1145 2371 asseruit,
1181 2291 1270 2375 quod
1301 2291 1406 2374 ipsum
1440 2288 1516 2351 Iuan
1597 2336 1600 2340 .

252 2410 396 2480 tempore
420 2395 591 2477 juramenti
615 2398 720 2460 verbis
743 2398 891 2481 turpibus
914 2413 987 2460 ante
1011 2418 1098 2460 aram
1128 2396 1283 2459 affecisset
1306 2415 1414 2458 coram
1438 2395 1517 2458 Dra·

251 2503 367 2585 gozlao
392 2515 423 2564 et
446 2502 626 2564 Laurencio
650 2523 686 2565 ac
710 2503 846 2566 Nicolao
874 2517 906 2567 et
930 2504 1073 2586 Georgio
1096 2503 1217 2585 juratis.
1353 2585 1357 2592 .

357 2608 435 2671 Item
460 2608 594 2691 orphani
620 2608 754 2672 Scortha
769 2609 931 2691 Gregorii,
954 2623 1027 2693 post
1042 2611 1255 2672 statucionem
1279 2608 1395 2670 domus
1418 2606 1517 2689 ipsius

254 2714 403 2797 Gregorii
427 2715 566 2777 Martino
591 2717 802 2797 carpentario,
816 2729 965 2778 contenta
989 2717 1021 2778 in
1038 2716 1169 2797 legistro
1192 2715 1317 2777 solvere
1340 2714 1515 2776 debebunt.

438 2949 535 3025 Feria
562 2957 669 3027 tercia
696 2957 851 3045 proxima
877 2963 955 3045 post
982 2956 1182 3028 dominicam
1209 2954 1336 3027 letare.

788 3110 830 3184 (3.
854 3110 980 3183 aprilr't).

359 3243 468 3306 Primo
501 3244 664 3307 Iohannes
695 3245 823 3328 pellifex
860 3259 970 3308 contra
1002 3247 1173 3308 Lucasium
1210 3246 1380 3330 pellificem
1411 3246 1516 3328 primo

256 3351 370 3412 citatus
393 3369 459 3411 non
483 3351 673 3432 comparuit.
1446 3331 1448 3334 Α

359 3456 438 3517 Item
463 3454 572 3517 Sibich
596 3469 707 3516 contra
731 3455 942 3519 Benedictum
967 3458 1071 3539 primo
1095 3459 1208 3519 citatus
1232 3477 1297 3519 non
1326 3459 1515 3541 comparuit.

359 3561 438 3622 Item
469 3560 654 3622 Anthonius
683 3561 785 3622 RenIz
816 3576 926 3624 contra
958 3561 1152 3644 GregorIum
1184 3565 1290 3646 primo
1314 3565 1427 3626 citatus
1450 3584 1515 3626 non

256 3666 446 3749 comparuit.

359 3772 439 3834 Item
464 3773 617 3835 Nicolaus
640 3771 725 3835 filius
748 3773 866 3836 Herrih
890 3788 999 3837 contra
1017 3776 1158 3837 Blasium
1182 3776 1288 3858 primo
1312 3776 1425 3838 citatus
1451 3795 1516 3837 non

256 3878 446 3960 comparuit.
1075 3871 1080 3883 ’

360 3981 438 4044 Item
463 4002 556 4045 causa
580 3983 650 4046 Elie
686 3997 716 4047 et
751 3986 849 4047 Marci
881 3999 928 4049 eat
952 4006 1009 4069 per
1040 3986 1218 4048 Francham
1253 3985 1450 4059 aurifabrum
1486 4002 1517 4050 et

256 4085 410 4170 Gyurgelr
434 4087 474 4148 ad
500 4101 572 4151 octo
597 4089 665 4150 dies
689 4105 813 4173 recepta
838 4092 878 4152 ad
903 4113 1026 4174 pacem.

360 4193 437 4254 Item
464 4193 609 4255 Andreas
633 4195 735 4258 Kozel
759 4211 872 4259 octavo
896 4199 948 4261 die
980 4199 1126 4261 atestabit
1150 4219 1207 4281 per
1233 4199 1411 4281 Georgium
1436 4202 1515 4264 Ger·

255 4296 330 4359 diue
354 4310 385 4359 et
409 4298 538 4361 Petrum
563 4300 750 4383 Meynosich
773 4322 868 4386 super
892 4324 941 4384 e0,
967 4304 1055 4386 quod
1084 4306 1187 4388 ipsum
1212 4305 1365 4368 Nicolaus
1388 4307 1428 4370 de
1446 4308 1516 4370 Ste-

255 4403 359 4464 neuch
383 4403 559 4468 interficere
583 4406 745 4470 voluisset.

363 4508 441 4570 Item
455 4510 609 4573 Malinich
622 4526 732 4576 contra
748 4516 948 4578 Anthonium
966 4517 1088 4579 Iursich
1103 4531 1217 4580 octavo
1230 4518 1282 4581 die
1298 4521 1514 4604 respondebit.

361 4614 439 4676 Item
463 4616 572 4679 relicta
594 4620 755 4701 organiste
784 4635 893 4684 contra
925 4623 1060 4685 Elenam
1084 4625 1188 4707 primo
1221 4627 1313 4688 citata
1338 4648 1402 4691 non
1427 4648 1514 4691 com·

255 4719 370 4800 paruit.
