3472 5234
612 351 814 430 Ann01382.
840 388 880 398 -
904 369 936 432 4.
951 357 1036 432 julii.
1408 354 1462 415 181

202 565 303 626 douin
328 585 387 627 nec
419 566 519 628 dictas
551 566 785 647 quinquaginta
816 565 966 627 dominas
997 566 1190 628 concivissas
1221 567 1331 628 statuit
1361 585 1467 648 neque

201 689 274 731 cum
299 671 413 751 viginti
439 671 583 753 quinque
608 690 716 733 earum
734 689 828 732 suum
852 669 1068 752 juramentum
1093 671 1239 733 debitum
1263 671 1413 754 deposuit
1434 684 1468 733 ut

202 775 351 838 debebat.

238 975 337 1049 Faria
365 987 464 1051 sexta
492 981 648 1067 proxima
675 986 752 1068 post
779 979 902 1051 festum
929 979 1105 1050 beatorum
1133 978 1227 1051 Petri
1255 986 1289 1050 et
1316 978 1413 1050 Pauli

712 1102 954 1191 apostolorum.

752 1278 799 1351 (4.
822 1274 918 1349 julii).

307 1411 385 1472 Item
418 1411 582 1474 Iohannes
606 1412 702 1474 Liber
726 1426 757 1475 et
782 1411 941 1493 Georgius
969 1413 1113 1475 literatus
1137 1425 1248 1475 contra
1272 1413 1466 1474 Mauricium

199 1517 305 1598 primo
334 1518 420 1579 citati
440 1538 506 1580 non
530 1531 789 1600 comparuerunt.

305 1623 383 1685 Item
409 1622 571 1686 Iohannes
595 1624 692 1686 Liber
721 1638 832 1687 contra
856 1623 997 1705 judicem
1020 1625 1127 1706 primo
1151 1625 1264 1687 citatus
1287 1644 1354 1687 non
1378 1644 1465 1687 com-

200 1730 317 1811 paruit.
1555 1815 1558 1821 ,

305 1836 383 1898 Item
409 1837 606 1898 Laurencius
628 1836 750 1918 juratus
772 1855 830 1918 per
854 1836 1032 1917 Georgium
1055 1850 1210 1899 sartorem
1235 1849 1267 1898 et
1290 1837 1466 1899 Martinum

200 1939 393 2022 Hungarum
420 1942 452 2003 in
476 1942 582 2024 primo
606 1943 727 2024 judicio
743 1955 816 2025 post
838 1941 954 2004 festum
971 1956 1078 2005 sancte
1096 1942 1299 2025 Margarethe
1323 1942 1385 2005 hoc
1402 1956 1467 2005 ate·

201 2047 307 2125 stabit,
332 2047 420 2128 quod
445 2048 551 2130 ipsum
575 2049 732 2110 Martinus
756 2047 912 2130 Zekyrich
940 2049 1160 2130 vituperasset.

307 2153 385 2214 Item
410 2154 562 2235 magister
587 2152 762 2235 Gregorius
786 2154 959 2216 canonIcus
983 2167 1092 2216 contra
1118 2155 1337 2237 Dragozlaum
1361 2155 1466 2237 primo

201 2256 315 2318 citatus
338 2277 404 2319 non
433 2259 624 2341 comparuit.

304 2363 383 2425 Item
400 2365 552 2446 magister
569 2363 745 2446 Gregorius
760 2366 935 2427 canonIcus
951 2380 1061 2427 contra
1079 2365 1258 2447 Georgium
1283 2365 1466 2428 carnificem

197 2468 304 2550 primo
329 2469 443 2531 citatus
466 2490 532 2532 non
556 2470 745 2552 comparuit.

305 2575 383 2637 Item
416 2576 610 2638 Benedictus
640 2575 825 2657 Mosnarigh
858 2589 968 2639 contra
1001 2576 1179 2659 Georgium
1211 2578 1317 2660 primo
1351 2577 1466 2640 citatus

198 2699 264 2741 non
297 2682 487 2764 comparuit.

305 2786 384 2848 Item
398 2786 530 2849 domina
544 2788 652 2850 relicta
666 2787 844 2850 Sebastiani
861 2801 976 2850 octavo
993 2787 1044 2849 die
1057 2807 1153 2869 super
1169 2807 1209 2852 eo
1227 2787 1359 2868 jurabit,
1376 2788 1465 2870 quod

197 2893 257 2953 sibi
283 2894 480 2955 Laurencius
511 2893 632 2974 juratus
663 2914 736 2956 cum
768 2893 1029 2956 decImadimidia
1052 2894 1167 2955 marcis
1199 2894 1327 2956 debitor
1358 2893 1465 2957 fuerit.

304 2999 383 3061 Item
412 3000 525 3062 eadem
554 3000 686 3062 domina
718 3001 751 3061 in
781 3000 897 3062 eodem
928 3013 1043 3062 octavo
1068 2999 1120 3062 die
1152 3019 1249 3082 super
1273 3019 1312 3061 eo
1335 2999 1465 3081 jurabit,

198 3104 287 3184 quod
301 3105 369 3187 ipsa
383 3106 469 3168 dicto
487 3107 666 3169 Laurentio
684 3106 840 3188 quasdam
857 3105 1044 3187 quindecim
1061 3124 1184 3168 marcas
1200 3125 1266 3168 non
1283 3106 1465 3169 relaxasset.

302 3211 382 3273 Item
415 3231 509 3273 causa
541 3211 697 3274 Iohannis
727 3202 917 3294 carpentarii
950 3225 1060 3273 contra
1092 3212 1267 3274 MartInum
1300 3226 1465 3294 carpenta-

197 3316 280 3377 rium
304 3316 344 3377 ad
368 3319 510 3399 primum
533 3318 689 3399 judicium
713 3318 754 3380 ad
777 3338 890 3401 pacem
915 3333 961 3380 est
985 3333 1121 3400 recepta.

303 3422 382 3484 Item
407 3422 499 3485 nota!
529 3425 617 3505 quod
649 3423 824 3487 Katherina
856 3425 966 3487 relicta
998 3424 1164 3487 Benedicti
1197 3425 1238 3487 de
1263 3424 1465 3506 Grachchan‚

198 3527 305 3589 Endre
329 3527 434 3590 filium
465 3530 592 3592 Iwanka
624 3550 719 3612 super
750 3529 978 3593 interfeccione
1011 3550 1067 3592 seu
1099 3545 1203 3593 morte
1236 3531 1371 3614 predicti
1404 3533 1466 3594 viri

198 3633 274 3696 dicti
299 3636 405 3696 mariti
430 3637 479 3698 sui
505 3637 636 3718 reliquit
659 3651 689 3698 et
717 3637 879 3700 commisit
909 3637 1095 3719 expeditum
1127 3637 1259 3700 insede
1284 3652 1392 3701 nostra
1416 3638 1465 3720 ju·

197 3738 328 3801 diciaria
352 3761 461 3802 coram
486 3743 590 3805 nobis.

302 3844 380 3906 Item
414 3845 575 3929 Georgius
599 3849 742 3910 Iiteratus
775 3864 884 3912 contra
909 3850 1090 3912 Iohannem
1114 3851 1219 3933 primo
1252 3852 1366 3914 citatus
1398 3872 1463 3914 non

197 3952 387 4032 comparuit.

302 4056 379 4119 Item
413 4057 590 4140 Gregorius
621 4074 730 4121 contra
763 4060 929 4122 dominam
962 4061 1078 4123 Katam
1112 4063 1219 4144 primo
1251 4064 1366 4125 citatus
1398 4084 1464 4126 non

198 4164 388 4244 comparuit.

303 4269 381 4330 Item
406 4290 500 4331 causa
518 4270 626 4333 relicte
644 4273 751 4333 Endre
765 4286 874 4335 contra
892 4273 1067 4334 Martinum
1092 4274 1247 4355 Zekyrich
1264 4274 1304 4336 ad
1322 4275 1463 4356 prImum

195 4373 353 4454 judicium
378 4377 418 4438 ad
443 4396 554 4457 pacem
580 4392 626 4439 est
649 4393 786 4460 recepta.

302 4480 380 4541 Item
413 4500 507 4543 causa
533 4482 698 4545 Martonus
729 4497 838 4544 contra
864 4483 1038 4545 Martinum
1056 4482 1236 4566 Zeky(ri)ch
1259 4485 1299 4546 ad
1323 4486 1463 4567 primum

195 4584 352 4666 judicium
376 4586 416 4646 ad
441 4607 553 4669 pacem
578 4604 623 4650 est
646 4604 784 4670 recepta.

302 4692 379 4754 Item
405 4713 499 4754 causa
523 4693 701 4776 Mychaelis
731 4694 789 4757 filii
823 4696 1002 4758 Sebastiani
1035 4710 1145 4759 contra
1170 4697 1303 4761 Barthol
1334 4700 1462 4763 stachu·

195 4796 321 4858 narIum
346 4798 386 4859 ad
411 4799 552 4880 primum
577 4799 731 4874 iudicium
755 4801 795 4864 ad
819 4821 930 4884 pacem
954 4815 1001 4864 est
1023 4816 1160 4885 recepta.
