3474 5234
662 378 748 435 Anno
772 372 863 453 1383.
890 408 928 419 -
955 372 986 434 6.
1003 376 1096 450 junii.
1455 393 1512 435 201

256 484 657 493 fflo-——u

361 590 439 651 Item
463 608 557 650 causa
592 587 761 650 Gerardini
794 601 902 649 contra
928 588 1104 669 Symonem
1129 586 1231 647 tilium
1264 585 1455 668 Chepernye
1479 585 1519 647 ad

256 710 405 758 octavum
430 696 517 756 diem
541 709 586 756 est
614 706 795 777 prorogata.

361 802 439 863 ltem
472 800 684 879 fideiussores,
716 801 770 882 qui
796 814 909 861 sunta
936 800 1021 860 lwan
1046 799 1113 861 lilio
1148 799 1266 877 Mathe,
1291 798 1427 859 Nicolao
1452 795 1519 858 filio

257 908 381 969 Odolas
406 927 506 988 usque
531 907 711 988 quindenas
728 908 829 988 ipsam
853 905 1095 968 fideiussionem
1112 905 1236 967 solvere
1261 905 1381 966 debent
1398 905 1519 983 absque
1612 889 1613 893 ¹

256 1013 365 1093 aliqua
381 1013 524 1074 ulteriori
536 1013 707 1089 dilacione,
720 1013 869 1073 videlicet
883 1013 937 1093 qui
952 1027 1025 1074 sunt
1041 1012 1181 1094 inscripti
1197 1012 1228 1072 in
1244 1011 1382 1092 quadam
1397 1009 1519 1071 cedula.

361 1118 439 1178 Item
465 1118 628 1180 lohannes
660 1117 745 1179 filius
770 1118 888 1181 Donati
914 1118 1057 1198 Georgio
1090 1118 1186 1179 Loter
1218 1137 1318 1199 usque
1340 1116 1520 1198 quindenas

256 1244 313 1306 pro
338 1225 469 1285 vulnere
494 1245 552 1285 suo
578 1226 722 1306 quinque
747 1244 868 1285 marcas
893 1225 1005 1286 solvet.

363 1331 438 1391 Item
465 1330 599 1412 Mykech
632 1346 720 1391 sutor
752 1331 894 1392 secundo
926 1350 959 1391 se
984 1343 1097 1392 octavo
1130 1330 1183 1390 die
1207 1349 1301 1411 super
1326 1349 1365 1390 eo
1391 1328 1519 1409 jurabit,

256 1437 343 1517 quod
369 1437 473 1517 ipsum
499 1437 622 1519 Symon
647 1437 790 1498 literatus
814 1438 1020 1498 vulnerasset.

364 1543 442 1604 ltem
463 1543 567 1603 lwana
586 1544 701 1604 mulier
724 1563 855 1605 consors
873 1543 986 1604 Kusilo
1006 1557 1120 1604 octavo
1138 1543 1189 1603 die
1206 1562 1301 1623 super
1326 1561 1364 1602 eo
1388 1540 1516 1621 jurabit,

255 1649 344 1729 quod
362 1649 428 1730 ipsa
446 1648 611 1729 quoddam
630 1649 738 1710 vinum
757 1650 838 1710 circa
856 1650 957 1731 ipsam
975 1668 1039 1710 non
1062 1668 1119 1731 pro
1137 1648 1384 1710 conservacione
1397 1646 1518 1727 aliqua,

257 1753 316 1813 nisi
335 1774 393 1835 pro
410 1774 468 1815 suo
494 1754 614 1832 debito,
632 1755 780 1816 videlicet
799 1756 908 1817 decem
934 1774 1122 1833 marcarum,
1148 1754 1264 1834 quibus
1281 1754 1341 1814 sibi
1359 1751 1519 1832 Georgius

255 1859 381 1921 debitor
405 1858 531 1936 fuisset;
556 1860 738 1923 Anthonius
754 1876 862 1925 autem
884 1863 985 1944 ipsam
1009 1881 1138 1923 causam
1155 1860 1195 1920 ad
1219 1860 1369 1940 antiquos
1392 1857 1515 1940 judices

256 1967 439 2048 appellavit.
464 1971 539 2046 (sic.)

311 2183 408 2258 Feria
433 2191 540 2259 tercia
569 2192 724 2278 proxima
753 2198 830 2261 ante
858 2190 981 2260 festum
1008 2191 1098 2261 beati
1128 2189 1279 2260 Bernaba
1308 2185 1463 2276 apostoli.

799 2344 842 2420 (9.
859 2346 966 2421 sonti).

364 2482 440 2543 Item
461 2483 590 2545 domina
616 2484 725 2546 relicta
751 2484 834 2544 lwan
853 2483 909 2545 filii
927 2483 1012 2544 lwan
1037 2497 1136 2546 terras
1159 2481 1295 2542 arabiles
1311 2500 1368 2562 per
1394 2478 1519 2541 Mikech

256 2587 358 2649 filium
384 2589 497 2651 Hanch
522 2590 665 2671 predicto
691 2590 775 2651 lwan
800 2589 879 2651 olim
905 2590 1133 2671 inpignoratas,
1158 2587 1273 2649 eodem
1299 2586 1397 2647 modo
1423 2598 1520 2667 prout

256 2709 329 2754 sunt
354 2695 566 2776 inpignorate‚
590 2697 781 2777 cuicumque
818 2696 954 2757 voluerit
986 2696 1085 2756 libere
1110 2714 1168 2777 pro
1201 2693 1312 2754 eadem
1339 2691 1516 2773 quantitate

201 2872 215 2889 Ρ
256 2801 391 2881 pecunie
416 2814 520 2882 potest
545 2802 761 2884 inpignorare.

363 2906 440 2968 ltem
465 2907 597 2969 domina
627 2909 730 2969 lwana
762 2910 871 2970 relicta
903 2909 1027 2970 Nicolai
1061 2921 1169 2969 contra
1204 2905 1382 2986 Georgium
1414 2904 1519 2986 primo

257 3012 350 3075 citata
375 3033 441 3074 non
465 3015 653 3096 comparuit.

363 3120 441 3181 ltem
466 3120 611 3182 Thomas
635 3135 744 3183 contra
770 3121 896 3183 Mikech
920 3120 1022 3182 filium
1047 3120 1172 3182 Nicolai
1198 3119 1302 3202 primo
1321 3119 1433 3182 citatus
1452 3139 1518 3181 non

257 3227 445 3307 comparuit.

362 3331 440 3394 ltem
467 3333 610 3396 Thomas
634 3333 718 3395 filius
751 3334 877 3416 Dragen
908 3348 1017 3396 contra
1042 3334 1244 3396 Anthonium
1268 3334 1372 3417 primo
1405 3335 1519 3397 citatus

257 3454 321 3496 non
346 3439 535 3520 comparuit.

362 3543 440 3605 Item
465 3564 559 3607 causa
584 3545 762 3608 Clementis
784 3546 938 3608 carnificis
962 3559 1071 3609 contra
1094 3546 1271 3628 Georgium
1298 3547 1393 3608 Loter
1418 3559 1449 3608 et
1465 3547 1517 3607 Jo-

257 3646 395 3710 hannem
419 3649 552 3731 figulum
578 3652 618 3713 ad
642 3665 791 3714 octavum
816 3652 902 3714 diem
926 3653 966 3714 ad
990 3672 1101 3734 pacem
1126 3666 1172 3715 est
1195 3666 1332 3734 recepta.

363 3756 441 3818 ltem
455 3757 619 3820 Dionisius
643 3758 728 3820 filius
753 3760 892 3821 Lorandi
920 3779 1014 3841 super
1047 3760 1298 3842 interempcione
1323 3760 1419 3821 Jakus
1451 3779 1516 3821 car-

258 3861 391 3940 pentarii
418 3864 516 3924 nostri
542 3865 692 3943 concivis,
710 3864 800 3947 (h)eri
826 3865 858 3925 in
883 3863 954 3926 foro
973 3864 1114 3945 legitime
1140 3865 1180 3926 ad
1197 3878 1377 3947 presentem
1402 3863 1516 3926 leriam

257 3967 387 4028 terciam
412 3970 627 4050 proclamatus
651 3987 760 4032 contra
784 3985 965 4033 consortem
990 3971 1066 4032 dicti
1089 3972 1195 4050 Jalrus,
1221 3990 1285 4032 non
1311 3972 1407 4034 venit.

362 4073 440 4134 Item
466 4073 626 4155 Georgius
649 4076 869 4138 stachunarius
892 4090 1002 4139 contra
1027 4078 1206 4139 iohannem
1233 4078 1328 4138 Liber
1351 4078 1455 4160 primo
1475 4078 1516 4138 ci-

256 4189 339 4238 tatus
360 4198 425 4239 non
450 4183 638 4262 comparuit.

364 4284 442 4346 ltem
480 4285 638 4369 Georgius
673 4289 813 4351 famulus
849 4288 997 4370 Gregorii
1040 4303 1149 4352 contra
1185 4295 1313 4353 Annam
1349 4291 1517 4354 mulierem

257 4391 361 4472 primo
388 4392 500 4454 citatus
524 4413 588 4454 non
615 4395 803 4476 comparuit.

363 4497 441 4559 ltem
465 4498 607 4562 Briccius
630 4500 759 4582 sellipar
783 4514 893 4562 contra
918 4500 1125 4584 Dragonyam
1149 4517 1290 4565 sutorem
1315 4505 1458 4569 secundo
1475 4506 1518 4569 ci·

257 4616 340 4665 tatus
364 4624 429 4666 non
455 4606 645 4687 comparuit.

363 4710 439 4771 ltem
458 4711 572 4774 Valesa
597 4725 707 4774 contra
732 4713 902 4775 Nicolaum
926 4714 1028 4775 lilium
1053 4715 1168 4776 Kusilo
1193 4716 1297 4802 primo
1315 4719 1427 4784 citatus
1451 4740 1516 4788 non

256 4817 446 4900 comparuit.
