3472 5234
625 423 713 480 Anno
736 432 824 499 1377.
849 456 889 464 —
914 433 961 499 17.
978 424 1063 499 julii.
1436 443 1476 504 99

244 673 341 749 Ieria
369 685 467 749 sexta
494 680 649 766 proxima
677 686 755 749 ante
782 676 905 749 festum
933 679 1028 749 beate
1056 679 1268 767 Margarethe
1296 681 1450 767 virginis.

754 828 820 909 (10.
836 829 937 912 fidit).

319 971 427 1033 Primo
453 991 545 1032 causa
575 971 695 1034 Cosme
728 970 880 1033 aurifabri
912 985 943 1034 et
966 971 1097 1054 Georgii
1123 973 1307 1055 calcaripari
1339 985 1386 1035 est
1418 993 1476 1056 per

212 1089 307 1139 testes
331 1077 370 1137 ad
395 1078 536 1160 primurn
562 1077 718 1159 judicium
742 1093 913 1160 prorogata
938 1093 968 1140 et
991 1094 1117 1161 recepta
1141 1079 1181 1140 ad
1206 1099 1328 1161 pacem.

319 1184 396 1246 Item
422 1183 603 1265 Stephanus
621 1184 766 1245 Pundich
791 1200 901 1246 contra
925 1182 1019 1247 Jolan
1043 1187 1148 1268 primo
1172 1185 1286 1247 citatus
1306 1205 1371 1247 non
1390 1205 1476 1247 com·

212 1291 327 1372 paruit.

315 1397 393 1459 Item
419 1417 512 1458 causa
537 1396 693 1459 Iohannis
718 1398 793 1459 dicti
812 1397 976 1459 Chemerii
1000 1412 1031 1459 et
1048 1399 1146 1460 Marci
1172 1397 1228 1459 lilii
1247 1398 1408 1460 Leonardi
1426 1412 1474 1461 est

211 1516 283 1584 post
307 1504 481 1565 adventum
507 1504 631 1565 domini
657 1505 867 1567 Provincialis
887 1505 926 1567 ad
945 1506 1084 1587 primum
1110 1504 1265 1586 judicium
1290 1520 1471 1588 prorogata.

317 1629 394 1690 Item
419 1649 512 1690 causa
530 1630 661 1691 textoris
685 1643 715 1691 et
733 1629 866 1709 Georgii
891 1630 1006 1691 literati
1025 1643 1071 1692 est
1087 1650 1142 1712 per
1165 1643 1259 1692 testes
1274 1630 1315 1691 ad
1331 1630 1472 1712 primum

211 1733 367 1815 judicium
391 1749 517 1818 recepta
541 1735 580 1796 ad
606 1755 728 1817 pacem.

315 1840 391 1903 Item
418 1841 601 1904 Anthonius
624 1841 804 1925 Zytharyeh
829 1841 965 1925 Mykech
997 1842 1133 1905 institori
1166 1843 1198 1903 in
1223 1841 1396 1924 quindenis
1419 1863 1473 1904 sex

208 1966 329 2010 marcas
353 1962 384 2010 et
407 1968 504 2009 unam
529 1960 645 2010 terram
669 1949 823 2010 arabilem
849 1949 1013 2011 exsolvere
1038 1949 1142 2012 debet.

315 2055 392 2116 Item
419 2054 521 2117 Cursa
546 2069 655 2116 eontra
687 2054 886 2137 Stephanum
916 2056 1015 2117 terci0
1047 2056 1161 2117 citatus
1185 2076 1249 2117 non
1281 2054 1472 2137 comparuit.

313 2178 391 2239 Item
416 2179 572 2241 Salomon
596 2179 701 2261 prImo
725 2179 847 2261 judicio
871 2199 928 2261 per
945 2180 1121 2241 Itvaninum
1139 2193 1170 2242 et
1193 2179 1389 2263 Kyrinichan
1407 2193 1472 2242 ate-

207 2284 303 2347 stabit
326 2305 421 2367 super
445 2305 494 2364 eo,
519 2285 607 2367 quod
632 2305 712 2346 uxor
735 2285 890 2347 Iohannis
914 2305 1004 2346 suam
1028 2305 1161 2348 uxorem
1190 2285 1426 2368 vituperaverit.

314 2410 392 2471 Item
417 2430 511 2472 causa
535 2431 584 2470 ser
602 2410 764 2471 BenedIcti
783 2422 814 2472 et
838 2415 931 2472 Anne
953 2410 1095 2471 mulieris
1119 2424 1166 2472 est
1189 2431 1245 2493 per
1270 2410 1471 2473 Anthonium

208 2516 310 2577 Reniz
335 2517 375 2578 ad
400 2518 540 2599 primum
566 2517 721 2596 judicium
746 2531 870 2599 recepta
895 2517 935 2578 ad
961 2537 1083 2599 pacem.

315 2641 391 2702 Item
420 2641 495 2722 quia
517 2642 611 2702 Kuna
636 2654 666 2701 et
683 2660 763 2701 uxor
779 2640 978 2702 Nedelkonis
1001 2653 1075 2702 sunt
1090 2660 1169 2723 pure
1186 2653 1309 2722 reperte
1334 2640 1366 2701 in
1384 2638 1469 2702 furtu

209 2758 240 2807 et
264 2761 391 2808 acusate
416 2748 639 2809 meritamento
664 2767 721 2828 per
746 2747 924 2825 Elizabeth,
942 2748 1033 2808 cuius
1049 2746 1191 2808 auricule
1216 2745 1334 2808 debent
1358 2745 1468 2824 Incidi,

208 2867 238 2915 et
262 2868 347 2915 extra
372 2852 449 2935 pelli
482 2853 521 2914 de
546 2853 692 2929 eivitate;
724 2853 812 2934 quod
844 2853 1029 2934 ubicunque
1066 2853 1097 2913 in
1121 2852 1240 2913 tenutis
1271 2851 1406 2913 civitatis
1430 2850 1470 2911 de

208 2973 313 3020 cetero
337 2959 527 3040 reprehense
553 2956 680 3036 luerint,
704 2959 855 3040 suspendi
881 2958 1045 3020 debebunt
1069 2958 1212 3021 indilate.

313 3062 391 3126 Item
417 3065 599 3127 Alexander
623 3078 732 3125 contra
758 3065 823 3148 Syb
847 3066 952 3147 primo
977 3064 1097 3147 judicio
1122 3064 1338 3147 respondebit.

312 3171 391 3233 Item
417 3172 524 3234 Mathe
548 3186 657 3234 contra
683 3172 817 3247 Paulum
843 3172 984 3234 secundo
1009 3173 1122 3234 citatus
1147 3192 1212 3233 non
1237 3171 1426 3254 comparuit.

207 3403 304 3480 Feria
319 3416 416 3480 sexta
436 3411 591 3498 proxima
606 3418 682 3499 post
702 3410 823 3483 lestum
839 3411 1022 3483 Divisionis
1037 3412 1213 3483 beatorum
1228 3411 1470 3499 apostolorum.

749 3569 809 3641 (17.
825 3563 928 3641 julia).

313 3705 421 3766 Prirtro
454 3703 625 3766 Chuethlro
657 3719 770 3767 octavo
802 3704 852 3766 die
886 3725 941 3787 per
972 3705 1200 3785 Dragozlaum,
1225 3703 1406 3765 Iohannem
1439 3716 1471 3765 et

207 3808 292 3872 lwan
317 3811 465 3872 atestabit
487 3831 582 3893 super
606 3831 655 3889 eo,
679 3811 768 3893 quod
783 3811 849 3893 ipse
874 3810 1036 3892 quandam
1053 3811 1222 3893 pecuniam
1247 3830 1305 3893 pro
1324 3809 1469 3872 Iohanne

206 3916 420 3997 persolvisset.

310 4022 389 4084 Item
414 4023 567 4084 Nicolaus
591 4022 674 4084 lilius
691 4024 815 4085 Nicolai
842 4036 950 4085 contra
975 4023 1113 4083 Ivvanam
1131 4021 1274 4104 puellam
1298 4021 1402 4103 primo
1427 4021 1469 4083 ci-

205 4140 289 4189 tatus
312 4149 377 4190 non
403 4131 591 4211 comparuit.

312 4236 390 4296 Item
419 4241 512 4297 Anna
545 4237 660 4298 muller
691 4250 804 4298 octavo
836 4236 887 4297 die
919 4256 975 4318 per
1006 4237 1153 4314 Petrum,
1186 4236 1333 4296 Markum
1367 4232 1468 4295 filium

208 4338 341 4420 Gemez‚
360 4341 526 4403 dominam
544 4342 753 4404 Katherinam
770 4356 800 4402 et
817 4342 983 4404 Elizabeth
1002 4342 1089 4423 quod
1108 4341 1269 4422 Georgius
1285 4338 1368 4400 lilius
1385 4339 1470 4399 Ivvan

206 4467 300 4509 suum
326 4447 462 4509 fundum
487 4450 546 4510 sihi
572 4449 744 4510 dimisisset
768 4462 798 4510 et
822 4450 1011 4530 assignasset
1035 4448 1066 4508 in
1092 4449 1176 4509 Rom
1205 4445 1381 4507 existendo

312 4572 390 4635 Item
417 4573 527 4634 Petrus
559 4587 590 4635 et
620 4593 696 4634 suus
726 4573 850 4634 vicinus
882 4585 990 4633 contra
1016 4571 1213 4633 Peterlinum
1246 4570 1350 4652 prImo
1382 4569 1468 4632 citati

206 4698 272 4742 non
297 4693 557 4762 comparuerunt.

311 4787 389 4848 Item
415 4787 560 4848 Donatus
577 4785 714 4847 condam
739 4784 832 4865 judex
851 4798 959 4846 contra
977 4782 1148 4845 Micusium
1165 4781 1303 4865 condam
1329 4779 1468 4862 judicem

205 4894 311 4978 primo
335 4893 449 4956 citatus
472 4912 537 4954 non
563 4892 751 4975 comparuit.
1349 4979 1365 5015 ᾳ
