3472 5234
1432 378 1493 440 357

650 460 1493 470 —-—-—————-—.-..-—..--.-

335 565 414 626 Item
438 567 526 647 quod
550 566 625 647 quia
652 565 820 648 Gyaninus
838 567 908 628 Bon
934 567 1070 628 condam
1091 565 1210 647 juratus
1231 566 1315 630 filius
1341 567 1494 630 Demetrii

231 672 442 755 prescriptum
465 691 558 733 suum
583 671 798 753 juramentum
823 692 895 734 cum
928 673 993 734 suis
1017 673 1273 754 conjuratoribus
1306 673 1391 753 juxta
1423 696 1495 758 pre·

231 779 382 861 scriptam
406 793 547 840 nostram
572 777 771 859 judiciariam
797 779 1058 840 commissionem
1075 799 1170 861 super
1195 799 1245 859 eo,
1271 781 1360 861 quod
1384 782 1495 843 Petrus

230 883 315 947 filius
339 884 433 946 Blask
458 885 613 965 quasdam
638 904 688 945 res
711 904 784 945 suas
813 885 1043 946 latrocinaliter
1074 885 1243 967 spoliasset
1268 900 1298 947 et
1322 906 1397 946 suus
1421 906 1494 968 spo·

230 990 325 1051 liator
349 989 443 1052 fuerit
467 990 616 1072 deposuit
633 1005 667 1051 ut
684 990 821 1052 debebat
846 1005 967 1052 etcum
985 991 1135 1053 videlicet
1153 993 1282 1053 Petrum
1300 1012 1374 1053 cum
1392 994 1492 1054 nostri

229 1095 353 1178 justIcia
379 1115 472 1157 suum
497 1116 563 1157 esse
588 1094 662 1157 fecit
693 1096 913 1178 spoliatorem,
938 1097 1012 1158 ideo
1045 1097 1151 1179 ipsum
1185 1098 1312 1159 Petrum
1338 1111 1492 1179 tanquam

231 1201 389 1264 latronem
413 1203 566 1283 suspendi
592 1201 726 1265 fecimus
750 1203 835 1286 juxta
861 1203 1125 1266 consvetudinem
1151 1204 1297 1266 civitatis.

350 1440 444 1514 Feria
474 1451 574 1513 sexta
601 1444 755 1532 proxima
783 1450 860 1514 ante
888 1442 1009 1513 lestum
1037 1444 1148 1515 sancti
1177 1442 1351 1516 Dominici.

336 1610 414 1672 Item
438 1609 623 1692 Bozoulych
649 1625 757 1672 contra
782 1610 962 1671 Fabianum
987 1624 1100 1673 octavo
1129 1611 1181 1671 die
1206 1611 1425 1693 respondebit.

337 1716 414 1778 Item
441 1716 559 1777 Iwania
583 1716 699 1777 mulier
730 1715 895 1777 Thomam
920 1714 1022 1777 filium
1055 1716 1184 1778 Andree
1216 1736 1311 1798 super
1336 1717 1492 1778 universis

231 1823 334 1883 causis
357 1837 387 1883 et
411 1823 609 1903 quibuslibet
633 1822 749 1884 debitis
774 1840 875 1903 usque
893 1842 977 1884 nunc
1003 1821 1120 1883 habitis
1136 1822 1325 1885 reddidisset
1350 1838 1381 1885 et
1405 1842 1492 1884 com·

231 1928 368 1989 misisset
392 1928 589 2011 expeditum.

336 2034 414 2096 Item
439 2035 521 2095 Rees
545 2049 654 2096 contra
679 2035 775 2096 Liber
799 2035 903 2117 primo
932 2035 1045 2097 citatus
1070 2054 1134 2096 non
1159 2037 1348 2117 comparuit.

337 2140 414 2202 Item
438 2161 532 2202 causa
558 2141 733 2224 Mychaelis
764 2154 873 2203 contra
899 2140 1055 2226 Zekyrich
1088 2140 1128 2202 ad
1159 2156 1307 2204 octavum
1340 2142 1426 2204 diem
1452 2141 1493 2203 ad

230 2266 342 2328 pacem
367 2261 413 2308 est
437 2261 573 2330 recepta.

337 2371 414 2432 Item
447 2372 558 2433 Raden
591 2373 774 2434 Emericum
807 2391 993 2454 arcuparem
1024 2392 1120 2454 super
1151 2392 1210 2435 suo
1241 2373 1372 2435 vulnere
1405 2393 1492 2435 com·

231 2476 317 2539 misit
341 2477 525 2559 expeditum
556 2478 598 2539 ita
630 2491 749 2558 tamen,
780 2478 869 2559 quod
900 2479 986 2539 idem
1019 2479 1186 2540 Emericus
1216 2492 1339 2561 septem
1372 2498 1493 2540 marcas

231 2582 436 2645 denariorum
461 2582 565 2645 eidem
591 2583 703 2646 Raden
727 2602 829 2665 usque
846 2584 1026 2666 quindenas
1049 2583 1174 2646 solvere
1191 2585 1286 2646 debet
1311 2597 1341 2646 et
1365 2585 1492 2646 medIco

231 2689 421 2753 satisfacere.

336 2796 414 2858 Item
440 2797 549 2858 Kuslro
574 2810 683 2859 contra
708 2796 909 2859 Anthonium
934 2812 1048 2860 octavo
1073 2797 1125 2859 die
1150 2796 1368 2879 respondebit.

337 2902 414 2965 Item
445 2922 538 2964 causa
563 2904 647 2965 lwan
674 2903 825 2987 Loytrich
850 2918 960 2966 contra
985 2905 1162 2988 Symonem
1179 2903 1355 2965 salivenam
1382 2903 1422 2965 ad
1439 2924 1492 2966 oc·

231 3023 338 3070 tavum
365 3008 451 3070 diem
475 3010 515 3070 ad
540 3029 651 3092 pacem
676 3024 722 3072 est
746 3023 883 3092 recepta.

336 3115 414 3177 Item
439 3116 600 3178 Iohannes
633 3115 718 3179 filius
747 3117 924 3200 Mychaelis
955 3130 1063 3179 contra
1094 3117 1285 3179 Mauricium
1310 3119 1415 3200 primo
1449 3118 1492 3179 ci·

231 3235 313 3283 tatus
337 3241 402 3282 non
426 3223 614 3304 comparuit.

337 3327 415 3388 Item
442 3327 601 3409 Georgius
625 3348 697 3390 cum
723 3328 875 3412 Gyanino
907 3328 975 3391 filio
1007 3328 1184 3412 Mychaelis
1215 3348 1317 3410 usque
1342 3344 1492 3391 octavum

231 3434 317 3495 diem
341 3434 503 3496 racionem
529 3434 631 3497 lacere
657 3436 786 3498 debent.

336 3541 413 3602 Item
446 3561 539 3602 causa
573 3541 722 3623 Gregorii
758 3542 912 3626 Pondych
944 3558 1053 3604 contra
1086 3544 1253 3604 Marenum
1279 3542 1418 3622 juratum
1451 3543 1491 3603 ad

230 3662 378 3709 octavum
404 3647 489 3709 dlem
514 3647 554 3708 ad
578 3667 689 3729 pacem
715 3663 761 3710 est
789 3663 925 3730 recepta.

335 3753 413 3815 Item
438 3754 584 3815 Matheus
608 3769 717 3816 contra
743 3754 920 3836 Georgium
944 3758 1049 3836 primo
1073 3757 1188 3819 citatus
1215 3775 1281 3817 non
1298 3756 1490 3838 comparuit.

336 3859 413 3921 Item
439 3880 532 3922 causa
564 3861 671 3922 Endre
705 3862 771 3944 Syb
803 3876 912 3923 contra
937 3862 1053 3946 Elyam
1084 3862 1125 3924 ad
1156 3876 1306 3924 octavum
1331 3861 1417 3923 diem
1451 3862 1491 3923 ad

230 3984 341 4046 pacem
366 3978 413 4026 est
437 3980 573 4048 recepta.

337 4071 414 4132 Item
442 4070 603 4134 lohannes
635 4085 666 4134 et
697 4073 793 4154 Elyas
824 4093 940 4155 parvus
964 4074 1004 4135 ad
1030 4074 1228 4157 Stephanum
1252 4071 1434 4135 carnificem
1460 4094 1493 4136 se

231 4178 325 4238 ambe
349 4190 437 4259 parte
462 4191 638 4259 spontanee
662 4179 892 4240 commiserunt
915 4179 947 4240 in
976 4179 1060 4242 Iacto
1085 4179 1250 4242 cuiusdam
1275 4179 1386 4261 gladii.

336 4281 413 4343 Item
430 4302 523 4344 causa
542 4284 651 4346 Jacobi
677 4284 823 4365 pellificis
845 4298 955 4347 contra
976 4287 1140 4348 custodem
1167 4286 1207 4347 ad
1230 4300 1378 4347 octavum
1404 4285 1491 4348 diem

231 4387 269 4449 ad
295 4408 408 4470 pacem
433 4402 479 4450 est
502 4405 639 4472 recepta.

336 4493 413 4555 Item
438 4514 532 4556 causa
556 4496 647 4558 Pauli
670 4496 801 4559 litterati
825 4510 934 4559 contra
966 4498 1131 4559 custodem
1164 4498 1205 4561 ad
1229 4512 1378 4560 octavum
1404 4498 1492 4559 dlem

230 4600 270 4661 ad
294 4619 406 4683 pacem
431 4614 476 4663 est
501 4614 637 4683 recepta.

336 4706 414 4768 Item
439 4707 557 4768 Paulus
580 4707 682 4790 pictor
705 4722 814 4771 contra
845 4707 959 4791 Elyam
993 4728 1125 4791 parvum
1158 4710 1263 4792 primo
1287 4711 1401 4773 citatus
1424 4730 1490 4772 non

231 4811 421 4895 comparuit.
977 4805 979 4808 ’
