3472 5234
371 597 447 658 Item
475 596 583 658 Sibich
601 609 715 658 octavo
740 596 792 657 die
808 615 865 679 per
882 595 1045 658 Thomam
1069 611 1101 659 et
1119 597 1239 658 Lucam
1264 597 1424 676 atestabit,
1441 594 1532 678 quod

265 700 428 764 Iohannes
453 701 569 762 Lieber
593 701 764 763 duodecim
790 701 897 784 pensis
918 701 1122 764 denariorum
1147 703 1208 764 sibi
1231 715 1401 764 teneretur.

372 809 449 870 Item
468 807 608 870 Plauech
632 808 717 870 lwan
742 824 852 870 contra
883 807 1064 870 Iohannem
1097 823 1210 871 octavo
1235 809 1287 870 die
1312 807 1532 892 respondebit.

370 915 449 975 Item
474 913 639 975 Emericus
663 927 771 975 contra
796 912 976 975 iohannem
1000 914 1105 997 prImo
1129 915 1242 976 citatus
1258 934 1323 976 non
1341 913 1533 997 comparuit.

372 1020 450 1081 Item
474 1019 657 1081 Alexander
674 1034 783 1081 contra
800 1019 947 1080 Markum
972 1020 1114 1083 secundo
1131 1020 1243 1082 citatus
1260 1039 1326 1081 non
1340 1018 1532 1100 comparuit.

370 1143 447 1205 Item
480 1144 637 1205 Martinus
668 1143 848 1226 Zequirych
880 1157 989 1205 contra
1013 1144 1183 1206 Nicolaum
1219 1143 1357 1207 condam
1390 1142 1532 1225 judicem

264 1250 369 1332 primo
395 1251 508 1313 citatus
532 1269 597 1311 non
622 1250 811 1331 comparuit.

316 1375 318 1378 ·
370 1356 448 1418 Item
472 1354 617 1417 PundIch
643 1369 751 1417 contra
776 1356 911 1417 luanum
936 1355 1079 1417 secundo
1103 1356 1218 1418 citatus
1248 1374 1314 1418 non
1339 1355 1531 1438 comparuit.

369 1462 448 1524 Item
474 1462 580 1524 Mikus
603 1461 740 1523 condam
765 1461 860 1544 judex
884 1474 994 1523 contra
1019 1461 1168 1523 Chuethlr
1192 1461 1298 1545 primo
1324 1461 1440 1524 citatus
1463 1480 1531 1524 non

265 1569 455 1650 comparuit.

374 1674 452 1736 Item
474 1694 568 1735 causa
598 1673 750 1756 Stephani
783 1686 814 1735 et
846 1673 929 1734 Petri
959 1687 1005 1735 est
1036 1693 1092 1755 per
1116 1673 1287 1736 Nicolaum
1311 1673 1451 1736 condam
1482 1673 1531 1757 ju·

267 1779 373 1841 dicem
397 1780 437 1841 ad
462 1794 535 1841 octo
559 1780 628 1841 dies
650 1792 777 1861 recepta
800 1778 841 1839 ad
863 1797 987 1861 pacem.

371 1886 447 1948 Item
474 1885 655 1967 Stephanus
677 1896 787 1946 contra
811 1884 1006 1967 Dyonisium
1030 1898 1170 1947 sutorem
1195 1885 1301 1967 primo
1324 1885 1439 1948 citatus
1463 1906 1531 1949 non

266 1993 457 2074 comparuit.

371 2099 450 2161 Item
474 2118 570 2160 causa
595 2097 749 2160 Iohannis
781 2111 812 2159 et
843 2096 996 2179 Stephani
1029 2094 1192 2158 fabrorum
1216 2109 1263 2158 est
1294 2117 1350 2180 per
1374 2097 1531 2182 Gyurgek

263 2204 367 2267 filium
391 2205 516 2267 Nicolai
541 2205 582 2265 ad
606 2216 680 2265 octo
705 2203 773 2264 dies
797 2218 923 2285 recepta
946 2202 987 2263 ad
1011 2222 1133 2285 pacem.

370 2328 448 2389 Item
466 2347 561 2389 causa
576 2326 725 2389 Chuethk
739 2340 770 2388 et
786 2325 909 2387 domini
928 2325 1052 2387 Micusii
1070 2340 1117 2387 est
1132 2346 1189 2408 per
1201 2326 1371 2389 Nicolaum
1389 2329 1530 2392 condam

263 2433 402 2516 judicem
428 2447 458 2495 et
482 2434 650 2495 MicIInurn
676 2433 716 2493 ad
739 2432 880 2513 prImum
902 2430 1058 2512 judicium
1082 2445 1154 2513 post
1176 2452 1270 2494 suum
1296 2433 1472 2497 adventum
1496 2437 1530 2498 in

264 2556 405 2604 nostram
431 2541 592 2603 civitatem
617 2553 742 2621 recepta
766 2538 806 2598 ad
831 2557 953 2619 pacem.

373 2648 449 2708 Item
473 2645 623 2708 Chuethk
645 2658 759 2706 octavo
780 2643 831 2704 die
863 2643 979 2723 jurabit
1011 2657 1120 2704 contra
1151 2643 1330 2706 Iohannem
1354 2665 1387 2706 se
1411 2646 1531 2709 tercius

265 2753 354 2835 quod
379 2752 446 2834 ipse
471 2751 561 2813 nulla
585 2751 670 2812 bona
694 2750 725 2810 in
751 2748 850 2810 domo
866 2769 922 2810 sua
948 2749 1118 2832 recepisset
1140 2768 1199 2811 nec
1223 2748 1321 2832 recipi
1345 2748 1482 2815 fecisset.

373 2875 450 2936 Item
477 2873 649 2957 Matheylto
681 2870 820 2934 carnifex
852 2871 950 2932 Iuano
975 2870 1060 2932 dicto
1085 2872 1154 2933 Noz
1187 2871 1219 2932 iu
1245 2872 1418 2953 quindenis
1449 2874 1532 2937 duas

264 3002 386 3043 marcas
411 2981 617 3042 denariorum
642 2991 673 3040 et
696 2976 794 3059 judici
819 2976 960 3037 mediam
985 2976 1149 3038 exsolvere
1173 2977 1278 3041 debet.

317 3214 414 3289 Faria
441 3217 548 3288 tercia
576 3216 729 3303 proxima
758 3221 836 3284 ante
864 3212 987 3283 testum
1014 3213 1111 3284 beate
1139 3214 1242 3286 llarie
1270 3216 1475 3304 Magdalene.

808 3381 870 3458 (21.
885 3380 984 3460 julia).

371 3543 478 3604 PrImo
515 3542 604 3603 Marlr
640 3539 725 3600 filius
760 3538 883 3600 Gemez
916 3553 1025 3601 contra
1060 3541 1231 3604 Nicolaum
1263 3544 1530 3611 archidiaconum

266 3651 371 3732 prImo
394 3649 507 3709 citatus
528 3666 593 3707 non
618 3644 807 3726 comparuit.

372 3754 449 3815 Item
474 3751 626 3814 Nicolaus
649 3749 734 3811 filius
756 3749 904 3811 Matheus
934 3764 1043 3812 contra
1067 3752 1193 3836 Woryh
1218 3753 1397 3837 lorIpedem
1422 3760 1530 3841 primo

267 3861 381 3922 citatus
405 3878 469 3919 non
492 3856 681 3938 comparuit.

372 3964 448 4024 Item
475 3962 597 4044 Symon
622 3974 732 4022 contra
755 3960 947 4042 Gregorium
972 3975 1085 4024 octavo
1109 3962 1161 4025 die
1190 3964 1407 4047 respondebit.

372 4086 450 4147 Item
483 4083 683 4166 Margaretha
716 4097 825 4146 contra
858 4085 966 4146 Mathe
997 4085 1179 4167 ensiparum
1209 4087 1315 4169 primo
1340 4089 1435 4152 citata
1461 4112 1529 4156 non

264 4192 453 4273 comparuit.

372 4297 451 4359 Item
476 4297 587 4358 Petrus
611 4297 714 4358 dictus
738 4297 846 4358 Decan
876 4309 985 4358 contra
1015 4297 1163 4358 Markum
1194 4299 1299 4380 prImo
1323 4301 1438 4364 citatus
1462 4323 1529 4367 non

264 4402 453 4484 comparuit.

369 4508 447 4569 Item
472 4508 624 4570 Nicolaus
655 4521 765 4569 contra
796 4507 935 4569 Iwanam
967 4506 1111 4589 puellam
1141 4511 1284 4573 secundo
1312 4513 1429 4576 citatus
1460 4537 1528 4580 non

264 4613 453 4696 comparuit.

368 4718 446 4781 Item
471 4717 615 4780 Francha
639 4731 747 4780 contra
772 4718 942 4780 Nicolaum
964 4719 1101 4781 condam
1125 4719 1264 4801 judicem
1288 4723 1395 4806 primo
1411 4728 1528 4792 citatus

263 4843 329 4886 non
353 4823 543 4907 comparuit.
