3472 5234
608 354 694 411 Anno
717 362 805 430 1375.
828 387 872 397 —
895 363 945 430 27.
961 338 1123 429 februarii.
1482 375 1499 437 3
1572 427 1577 436 Ι

237 565 319 628 niter
342 565 500 647 probavit,
531 563 620 645 quod
645 563 821 646 Gregorius
852 562 985 625 Scortha
1009 564 1041 624 in
1073 564 1138 626 suis
1162 565 1321 644 extremis,
1346 577 1418 647 post
1446 564 1501 626 de·

236 690 360 733 cessum
384 688 516 733 suorum
540 669 707 749 heredum,
728 669 843 731 domos
874 683 905 732 et
928 670 991 732 alia
1020 671 1105 732 bona
1135 671 1276 733 Martino
1301 670 1500 753 carpentario

236 776 429 853 dimisisset3
452 775 508 838 sed
532 774 695 838 lohannes
718 776 807 838 testis
830 776 1005 859 cespitavit.

341 882 420 944 Item
446 883 600 944 Martinus
624 881 713 943 faber
727 882 914 944 testimonio
931 882 1069 944 duorum
1091 883 1313 965 comprobavit
1330 881 1398 965 ipsa
1414 884 1501 944 bona

237 989 394 1051 dimisisse
418 1008 474 1072 per
496 987 675 1071 predictum
701 986 894 1071 Gregorium
914 988 988 1049 filiis
1012 986 1115 1050 fratris
1131 989 1198 1066 sui;
1223 1008 1259 1050 ac
1283 988 1416 1051 demum
1432 988 1501 1071 ipsa

239 1115 333 1157 causa
357 1095 398 1156 ad
422 1093 597 1156 adventum
620 1094 734 1176 judicis
758 1093 799 1156 ad
826 1094 966 1177 primum
991 1094 1146 1176 judicium
1170 1107 1217 1156 est
1240 1108 1420 1178 prorogata.

342 1201 419 1263 ltem
443 1200 629 1263 testimonio
653 1200 799 1262 Barnabe
833 1199 1010 1261 sacerdotis
1041 1201 1155 1262 Jakmo
1186 1198 1330 1263 medicus
1354 1220 1501 1284 compro·

237 1307 324 1370 bavit
337 1327 393 1389 per
406 1307 569 1388 quandam
583 1307 763 1385 mulierem,
776 1325 833 1389 per
849 1307 954 1388 ipsum
971 1306 1170 1368 sacerdotem
1187 1307 1394 1388 incognitam,
1411 1326 1501 1369 suam

237 1413 408 1475 clamidem
443 1412 577 1492 misisse,
602 1432 660 1495 pro
692 1413 783 1474 cuius
810 1411 1036 1493 redempcione
1069 1425 1207 1493 quatuor
1230 1411 1299 1474 flor.
1329 1412 1502 1495 persolvet.

342 1520 421 1582 ltem
445 1519 532 1581 idem
557 1519 637 1581 Jako
661 1518 804 1581 medicus
828 1531 942 1581 octavo
974 1517 1025 1579 die
1050 1518 1167 1601 jurabit
1198 1539 1230 1579 se
1254 1518 1370 1580 tercius
1394 1518 1427 1580 in
1451 1537 1502 1598 eo,

238 1626 326 1708 quod
350 1626 418 1709 ipse
441 1626 542 1687 nescit
565 1623 669 1687 furem
692 1625 793 1707 ipsius
816 1625 865 1686 sui
889 1624 1046 1686 clamidis.

342 1732 420 1793 ltem
442 1731 588 1793 Andreas
612 1731 651 1793 de
668 1730 909 1794 Chernomerch
933 1731 965 1791 in
982 1730 1155 1811 quindenis
1173 1730 1307 1812 Symoni
1332 1729 1400 1792 filio
1417 1730 1501 1812 Zyrk

236 1851 300 1900 tres
324 1857 445 1899 marcas
469 1837 686 1916 denariorum,
712 1836 889 1918 cingulum,
912 1836 1084 1898 biccellum
1109 1850 1140 1899 et
1163 1836 1335 1898 clamidem
1360 1836 1503 1898 exsolvet

237 1964 273 2006 ac
297 1943 429 2006 demum
452 1942 592 2026 judicem
616 1943 840 2026 complacabit.

342 2050 419 2112 ltem
444 2069 537 2113 causa
568 2049 676 2111 relicte
701 2048 860 2131 organiste
884 2049 1011 2111 racione
1036 2048 1202 2112 cuiusdam
1234 2048 1365 2133 forpicis
1391 2049 1500 2113 estad

237 2169 310 2218 octo
334 2154 403 2217 dies
428 2169 611 2238 prorogata.

341 2261 419 2324 ltem
444 2261 582 2323 Jacobus
605 2280 638 2322 se
663 2260 822 2323 secundus
843 2260 962 2344 jurabit
994 2274 1108 2323 octavo
1140 2261 1193 2325 die
1217 2282 1312 2345 super
1336 2282 1386 2343 eo,
1411 2261 1500 2343 quod

237 2368 343 2451 ipsum
368 2367 508 2430 famulus
532 2367 662 2430 Martini
687 2368 833 2450 Hungari
857 2368 1066 2430 vulnerasset.

341 2475 418 2537 ltem
443 2479 537 2536 Anna
561 2487 676 2536 octavo
700 2473 752 2536 die
776 2494 833 2557 per
855 2474 1027 2536 Nicolaum
1060 2473 1217 2554 Alichich,
1242 2475 1376 2537 luanum
1401 2475 1500 2538 Osur·

237 2579 374 2642 michich
396 2580 618 2642 testimonium
642 2579 798 2662 producet
820 2593 929 2642 contra
959 2580 1156 2642 Peterlinum
1188 2600 1282 2663 super
1305 2581 1407 2644 tribus
1429 2580 1499 2644 flor.

237 2700 268 2748 et
290 2705 355 2749 uno
379 2705 466 2749 arcu.

341 2792 419 2853 ltem
442 2791 561 2854 Paulus
584 2805 694 2854 contra
718 2791 888 2854 luaninum
912 2806 1026 2855 octavo
1051 2792 1102 2854 die
1127 2791 1343 2875 respondebit.

341 2898 420 2962 ltem
450 2911 564 2960 octavo
599 2898 652 2960 die
687 2898 843 2960 Martinus
878 2896 967 2960 faber
1002 2899 1156 2981 producet
1186 2898 1406 2960 testimonium
1441 2917 1498 2981 per

238 3003 435 3087 Stephanum
460 3003 615 3084 Pundich,
641 3002 834 3085 Gregorium
858 3005 975 3086 Angeli
1008 3019 1039 3067 et
1063 3005 1234 3067 Nicolaum
1259 3003 1384 3066 Odolas
1408 3003 1498 3085 quod

237 3109 398 3173 Barnabas
427 3110 576 3173 sacerdos
607 3111 789 3172 asseruisset
819 3130 926 3173 coram
960 3111 1045 3193 ipsis,
1077 3111 1209 3171 univera
1233 3111 1317 3172 bona
1350 3108 1498 3192 Gregorii

238 3215 370 3279 Scortha
400 3214 475 3278 filiis
497 3214 600 3277 fratris
624 3216 672 3277 sui
697 3216 868 3279 dimisisset
891 3218 923 3278 in
947 3218 1012 3278 suis
1037 3217 1185 3279 extremis
1209 3230 1241 3279 et
1263 3216 1409 3298 legasset.

340 3323 417 3385 ltem
443 3342 536 3385 causa
560 3323 669 3386 Petres
692 3336 724 3385 et
746 3322 874 3384 Prizore
899 3336 946 3384 est
968 3322 1009 3384 ad
1033 3335 1106 3383 octo
1129 3321 1198 3383 dies
1224 3335 1405 3405 prorogata.

339 3428 417 3491 ltem
442 3447 535 3490 causa
560 3428 628 3490 Ban
652 3428 778 3490 Nicolai
803 3443 833 3491 et
858 3427 967 3490 Sibich
991 3442 1037 3490 est
1060 3427 1101 3488 ad
1125 3448 1219 3489 suum
1244 3427 1419 3490 adventum
1442 3447 1498 3511 per

235 3533 435 3596 Anthonium
459 3534 561 3596 Reniz
586 3534 626 3595 ad
651 3547 724 3595 octo
749 3533 817 3596 dies
841 3547 966 3616 recepta
990 3534 1031 3595 ad
1055 3554 1178 3616 pacem.

338 3640 417 3702 ltem
451 3639 635 3702 Anthonius
669 3652 757 3702 sutor
792 3653 903 3702 contra
936 3638 1114 3723 Georgium
1146 3641 1251 3724 primo
1284 3641 1398 3702 citatus
1430 3661 1496 3703 non

235 3746 421 3829 comparuit.

338 3851 417 3914 ltem
441 3871 534 3914 causa
558 3852 667 3913 relicte
691 3851 850 3934 organiste
872 3872 910 3914 eo
935 3852 1023 3933 quod
1040 3850 1180 3934 judicem
1204 3851 1432 3934 vituperaverit
1449 3865 1497 3914 est

235 3975 291 4039 per
314 3957 513 4041 Stephanum
537 3958 612 4020 Jaxe
636 3957 677 4019 ad
701 3971 774 4020 octo
798 3958 866 4019 dies
889 3972 1015 4041 recepta
1039 3958 1079 4020 ad
1103 3978 1225 4041 pacem.

419 4175 517 4251 leria
544 4180 651 4250 tercia
679 4181 835 4268 proxima
863 4186 938 4268 post
965 4179 1088 4250 festum
1116 4178 1313 4268 predictum.

741 4329 806 4411 (27.
822 4330 999 4413 februarii).

337 4469 445 4532 Primo
469 4470 614 4532 Andreas
643 4469 728 4533 filius
751 4470 877 4533 Nicolai
909 4483 1019 4533 contra
1042 4469 1213 4532 Lucasium
1245 4469 1352 4552 primo
1376 4469 1491 4531 citatus

234 4594 298 4637 non
322 4577 509 4659 comparuit.

338 4681 414 4744 ltem
445 4702 539 4747 causa
560 4683 696 4766 Dyonisi
729 4681 809 4745 fabri
834 4697 865 4745 et
893 4682 1032 4764 quedam
1062 4681 1206 4744 mulieris
1238 4693 1286 4742 est
1308 4700 1366 4763 per
1389 4681 1493 4743 Mare·

233 4804 311 4848 num
328 4786 368 4849 ad
384 4801 458 4852 octo
482 4788 550 4850 dies
566 4802 691 4870 recepta
703 4788 743 4849 ad
758 4808 881 4871 pacem,
898 4808 956 4872 pro
970 4808 1033 4870 qua
1051 4788 1184 4850 muliere
1198 4787 1300 4851 Cursa
1312 4786 1492 4850 lideiubuit.
