3472 5234
597 358 683 415 Anno
706 353 799 433 1382.
823 392 866 400 —
888 370 917 433 7.
942 360 1050 417 martii.
1406 360 1462 440 163

198 580 324 649 emptor
348 568 504 646 eiusdem,
527 567 553 628 ai
577 567 780 645 venderetur,
800 565 902 629 lacere
934 569 1060 648 debeat,
1084 570 1229 650 alioquin
1253 570 1358 652 ipsum
1382 572 1464 633 cela·

198 674 282 735 rium
306 693 362 755 per
385 673 525 754 judicem
552 673 738 735 vendicioui
764 687 953 755 exponetur.

304 778 382 840 Item
414 779 545 840 domina
580 778 780 858 Margaretha
813 779 881 841 sola
912 800 968 842 sua
1001 780 1033 841 in
1065 800 1202 862 persona
1225 801 1321 864 super
1342 801 1382 844 eo
1406 801 1464 864 pro

201 898 322 965 quanto
336 885 443 967 precio
461 883 626 965 quoddam
645 885 756 945 vinum
770 884 916 965 Dyonisii
945 885 1024 947 labri
1043 886 1223 949 vendiderit
1239 886 1342 967 jurare
1359 888 1465 950 debet.

253 1053 257 1060 ,
303 991 382 1052 Item
405 990 493 1072 quod
521 990 596 1072 quia
621 990 804 1052 Anthonius
829 991 927 1052 Renis
950 992 983 1053 in
1007 992 1153 1054 terminis
1176 992 1237 1055 sibi
1261 992 1394 1073 juridice
1417 1014 1465 1055 as·

204 1096 336 1177 signatis
360 1097 400 1158 ad
432 1095 612 1157 faciendam
644 1096 806 1157 racionem
842 1110 987 1178 pretextu
1017 1097 1230 1178 quarumdam
1255 1118 1465 1180 expensarum

199 1222 254 1265 seu
273 1203 420 1265 laborum
437 1223 494 1285 per
511 1202 709 1284 Stephanum
734 1203 820 1264 Reez
837 1203 870 1264 in
887 1203 1001 1265 itinere
1018 1201 1173 1265 factarum
1191 1224 1256 1265 non
1274 1207 1372 1284 venit,
1390 1205 1464 1267 ideo

199 1329 296 1391 super
312 1323 432 1390 quanta
456 1309 632 1390 quantitate
656 1308 791 1390 pecunie
816 1306 898 1370 infra
921 1308 1095 1370 duodecim
1121 1329 1235 1391 pensas
1258 1308 1464 1372 denariorum

200 1414 328 1496 juraret,
361 1414 422 1475 hoc
456 1414 540 1475 idem
573 1413 757 1475 Anthonius
785 1414 844 1475 sibi
866 1414 1048 1495 persolvere
1081 1414 1228 1490 deberet3
1264 1415 1332 1496 ipse
1357 1428 1465 1477 autem

200 1520 384 1582 Anthonius
408 1520 524 1581 dictam
550 1540 677 1581 causam
702 1519 741 1581 ad
766 1520 916 1601 antiquos
940 1519 1063 1601 judices
1087 1520 1272 1602 appellavit.

303 1626 382 1688 Item
400 1646 493 1688 causa
519 1625 666 1706 Gregorii
691 1625 748 1687 filii
774 1625 929 1687 iohannis
946 1640 977 1687 et
1000 1625 1125 1687 domini
1151 1625 1310 1687 Jalrumeli
1334 1646 1392 1709 per
1415 1625 1462 1708 ju-

198 1733 284 1794 dices
308 1733 348 1794 ad
371 1733 513 1814 prImum
544 1731 699 1812 judicium
732 1746 805 1813 post
836 1730 1010 1792 adventum
1040 1731 1116 1792 dicti
1148 1731 1272 1793 domiui
1305 1732 1463 1794 lakumeli

199 1853 246 1901 est
269 1852 449 1921 prorogata.

303 1945 382 2006 Item
406 1945 489 2005 Rees
522 1957 632 2004 contra
665 1943 835 2004 Nicolaum
868 1943 1011 2005 secundo
1042 1944 1157 2006 citatus
1180 1962 1248 2004 non
1273 1945 1464 2025 comparuit.

301 2050 378 2111 Item
405 2050 524 2131 Stepan
550 2049 714 2129 quandam
748 2049 875 2110 vineam
909 2050 1054 2132 Vydonis
1086 2049 1144 2113 filii
1171 2050 1252 2133 Elye
1276 2051 1301 2111 si
1325 2051 1465 2113 voluerit

196 2176 268 2218 eam
292 2156 463 2234 dimittere,
487 2169 563 2216 tunc
588 2156 684 2217 debet
709 2174 780 2217 eam
806 2156 910 2237 putari
936 2169 966 2218 et
989 2158 1033 2218 sic
1063 2157 1257 2239 relinquere,
1281 2173 1312 2219 et
1335 2159 1463 2219 vineam

196 2262 328 2324 alterius
350 2281 415 2323 non
440 2262 536 2323 debet
560 2261 621 2322 hoc
644 2281 730 2322 anno
763 2281 965 2343 asumpmere
990 2263 1031 2324 ad
1056 2263 1282 2326 laborandum.

303 2367 380 2428 Item
414 2365 589 2448 Gregorius
621 2366 742 2447 juratus
776 2380 807 2429 et
840 2368 956 2429 Paulas
987 2388 1090 2450 usque
1122 2369 1301 2450 quindenas
1334 2383 1463 2432 centum

197 2472 337 2535 florenos
360 2473 428 2534 auri
453 2474 588 2535 Nicolao
610 2473 713 2555 jurato
741 2473 808 2535 lilio
834 2473 958 2536 Odolas
981 2475 1106 2536 solvere
1131 2475 1261 2536 debent.

302 2579 379 2640 Item
404 2579 465 2639 alie
489 2598 583 2640 cause
608 2579 795 2640 eorumdem
821 2579 862 2640 ad
886 2596 1035 2641 octavum
1068 2580 1154 2641 diem
1179 2595 1255 2642 sunt
1278 2594 1462 2662 prorogate.

302 2686 382 2748 Item
407 2685 567 2766 Georgius
586 2704 684 2765 gener
700 2685 878 2746 Wlkouich
895 2704 997 2766 usque
1014 2685 1195 2767 quindenas
1220 2685 1382 2748 lanchech
1399 2707 1463 2748 sar·

196 2793 256 2854 tori
274 2811 333 2873 pro
350 2792 482 2853 vulnere
506 2811 564 2852 suo
589 2791 667 2852 duas
692 2811 814 2852 marcas
832 2806 863 2854 et
887 2791 983 2873 judici
1009 2805 1137 2853 centum
1155 2791 1306 2854 denarios
1324 2792 1462 2874 (solvet).

301 2896 403 2959 Nota!
429 2898 518 2978 quod
542 2898 654 2959 Petrus
678 2898 780 2959 dictus
805 2897 918 2959 Rihtar
941 2898 980 2959 de
1005 2898 1156 2980 Crapyna
1181 2912 1268 2961 actor
1293 2898 1462 2961 existendo

196 3016 306 3066 contra
331 3003 501 3065 Nicolaum
526 3003 628 3064 filium
653 3003 777 3066 Odolas
801 3003 940 3086 juratum
964 3024 1000 3066 ac
1025 3003 1203 3086 Georgium
1227 3018 1259 3067 et
1282 3005 1463 3068 Iohannem

197 3109 308 3172 fratres
322 3110 477 3171 Hermani
495 3111 580 3171 iuxta
598 3111 833 3171 continenciam
851 3111 1013 3173 literarum
1031 3110 1158 3174 dommi
1170 3112 1308 3194 Mykusii
1325 3112 1463 3175 condam

199 3215 312 3297 judicis
330 3215 633 3296 adjudicatoriarum
654 3217 1016 3298 seuprorogatoriarum
1030 3216 1222 3300 superfacto
1246 3218 1462 3299 quorumdam

199 3322 383 3402 octuaginta
407 3321 476 3385 flor.
500 3322 607 3383 minus
630 3322 741 3400 tribus,
776 3323 881 3404 primo
905 3323 945 3384 ad
973 3337 1123 3386 octavum
1148 3324 1235 3385 diem
1259 3325 1404 3387 cinerum
1430 3339 1462 3388 et

199 3426 329 3488 demum
355 3427 395 3488 ad
419 3441 600 3510 presentem
622 3426 733 3488 leriam
758 3443 879 3490 sextam
903 3448 968 3490 uon
985 3429 1073 3491 venit
1096 3449 1201 3511 neque
1226 3430 1323 3509 misit,
1348 3431 1404 3493 sed
1429 3451 1461 3492 se

198 3533 230 3594 in
255 3533 382 3614 judiciis
405 3534 548 3615 agravari
571 3533 725 3615 permisit.

303 3638 382 3699 Item
400 3658 493 3700 causa
517 3638 642 3700 Nicolai
668 3638 805 3699 condam
838 3637 953 3718 judicis
976 3654 1008 3701 et
1039 3640 1195 3702 Iohannis
1225 3641 1322 3703 liber
1345 3641 1385 3703 ad
1410 3661 1463 3703 oc-

200 3757 309 3805 tavum
335 3744 421 3806 diem
446 3758 492 3807 est
515 3758 696 3826 prorogata.

390 3959 486 4034 Ferirt
514 3970 612 4034 sexta
639 3965 796 4051 proxim
824 3972 902 4036 ante
931 3966 1130 4037 dominicam
1159 3963 1264 4037 Oculi.

734 4123 774 4192 (7.
798 4116 926 4193 martii).

305 4256 384 4318 Item
409 4276 502 4318 causa
528 4256 708 4319 lachlronis
732 4270 762 4319 et
783 4258 892 4319 Jacobi
918 4271 949 4320 et
972 4258 1056 4320 Petri
1080 4258 1120 4319 ad
1138 4271 1286 4320 octavum
1312 4257 1398 4320 diem
1416 4272 1463 4321 est

197 4362 237 4423 ad
262 4381 373 4443 pacem
398 4376 535 4444 recepta,
560 4377 591 4424 et
614 4362 674 4424 hoc
699 4383 755 4446 per
780 4364 911 4425 Petrum
935 4379 966 4425 et
990 4363 1116 4425 Paulas.

302 4468 379 4530 Item
393 4488 486 4530 causa
512 4469 595 4532 Petri
619 4483 730 4531 contra
755 4470 911 4531 Jacobum
934 4470 975 4531 ad
999 4483 1149 4532 octavum
1174 4469 1260 4530 diem
1284 4469 1325 4530 ad
1349 4488 1462 4552 pacem

197 4587 244 4635 est
268 4588 405 4657 recepta.

302 4680 380 4742 Item
414 4680 540 4742 Marcus
572 4679 777 4743 Jemcheuich
810 4693 920 4742 contra
951 4681 1087 4742 Paulum
1120 4681 1225 4764 prImo
1250 4680 1364 4742 citatus
1396 4699 1462 4743 non

199 4785 388 4867 comparuit.

1339 4878 1356 4913 ᾳ
