3472 5234
611 335 697 392 Anno
722 329 811 410 1585.
836 367 876 376 -
894 348 929 410 3.
953 335 1066 407 aprilis.

389 552 488 626 Feria
515 560 615 625 sexu
642 555 797 642 proxima
824 543 922 624 ante*
951 552 1153 624 dominicam
1180 550 1313 641 judica.

749 704 813 783 (13.
845 703 970 784 martit).

321 850 401 911 Item
426 848 589 910 Johannes
612 845 752 908 carnifex
777 860 886 908 contra
915 845 1126 908 Benedictum
1152 845 1351 908 sacerdotem
1376 845 1480 927 primo

213 958 327 1019 citatus
350 974 416 1017 non
441 953 633 1036 comparuit.

322 1062 401 1123 Item
430 1080 523 1122 causa
548 1059 632 1120 Petri
657 1070 687 1118 et
711 1057 822 1119 iacobi
847 1056 927 1119 Bole
955 1057 995 1118 ad
1020 1071 1169 1118 octavum
1194 1056 1280 1118 diem
1304 1057 1345 1118 ad
1368 1076 1480 1140 pacem

217 1182 264 1230 eet
288 1181 424 1248 recepta.

321 1273 399 1335 Item
425 1270 572 1354 Mychael
606 1269 826 1332 stachunarius
857 1283 966 1331 contra
986 1269 1167 1330 Johannem
1197 1268 1300 1331 filium
1325 1269 1481 1331 Hermani

214 1378 357 1442 secundo
382 1379 495 1440 citatus
518 1396 584 1438 non
612 1376 801 1457 comparuit.
1501 1375 1506 1386 ¹

319 1483 397 1545 Item
423 1502 517 1544 causa
542 1482 626 1543 Petri
651 1480 779 1542 sartoris
811 1494 921 1542 contra
953 1481 1123 1542 Nicolaum
1156 1478 1339 1543 carnificem
1363 1481 1404 1542 ad
1428 1500 1480 1543 oc·

212 1603 321 1651 tavum
345 1589 432 1650 diem
457 1587 497 1648 ad
522 1606 632 1668 pacem
658 1601 704 1647 est
727 1599 865 1668 recepta.

323 1694 402 1756 Item
439 1713 533 1755 causa
559 1691 707 1772 Gregorii
740 1705 849 1754 contra
881 1690 1063 1753 Corardum
1095 1706 1236 1753 sutorem
1260 1692 1300 1754 ad
1332 1707 1481 1755 octavum

215 1798 301 1860 diem
326 1799 366 1861 ad
391 1819 504 1881 pacem
527 1813 574 1860 est
597 1812 733 1880 recepta.

320 1904 398 1966 Item
424 1925 518 1965 causa
543 1903 697 1985 Stephani
729 1903 888 1966 Crisozlai
920 1915 1030 1966 contra
1055 1902 1219 1965 Thomam
1244 1904 1481 1986 carpentarium

215 2010 255 2071 ad
279 2025 429 2072 octavum
454 2010 539 2072 diem
565 2011 604 2071 ad
629 2029 741 2092 pacem
766 2024 813 2071 est
836 2024 972 2092 recepta.

320 2117 400 2178 item
425 2116 608 2198 Stephanus
631 2115 716 2177 filius
740 2116 877 2198 Mykech
901 2130 1012 2177 contra
1044 2115 1184 2178 eundem
1210 2117 1410 2199 Stephanum
1433 2137 1480 2180 ce-

215 2221 322 2283 cundo
347 2222 461 2283 citatus
483 2241 549 2282 non
574 2222 764 2303 comparuit.

323 2327 401 2389 Item
427 2347 521 2388 cauea
547 2327 700 2410 Stephani
725 2327 792 2388 Rez
826 2341 935 2389 contra
959 2328 1074 2410 Elyam
1108 2348 1243 2410 parvum
1266 2328 1306 2390 ad
1331 2341 1481 2391 octavum

216 2431 302 2494 diem
327 2432 366 2494 ad
390 2453 502 2514 pacem
526 2447 573 2495 eat
597 2448 733 2515 recepta.

322 2539 399 2601 item
422 2559 516 2601 cansa
541 2539 678 2600 Dionisii
702 2553 810 2601 contra
837 2539 926 2601 Hanc
950 2540 989 2602 ad
1014 2555 1164 2603 octavum
1190 2540 1277 2602 diem
1301 2540 1342 2602 ad
1365 2561 1480 2623 pacem

214 2657 260 2705 est
285 2659 420 2727 recepta.

319 2752 398 2813 ltem
423 2771 517 2814 causa
541 2750 701 2813 Janchech
726 2750 877 2813 aurifabri
903 2766 1014 2813 contra
1041 2752 1149 2814 Endre
1175 2753 1240 2836 Syb
1265 2752 1305 2814 ad
1331 2769 1480 2815 octavum

215 2856 302 2919 diem
326 2857 365 2919 ad
391 2877 503 2938 pacem
528 2871 574 2918 est
597 2871 733 2939 recepta.

319 2964 398 3025 Item
423 2983 516 3025 causa
548 2963 665 3025 Cosme
700 2962 853 3025 aurifabri
883 2976 914 3024 et
945 2963 1061 3025 Paulas
1093 2976 1203 3025 contra
1234 2964 1406 3026 Nicolaum
1439 2966 1479 3033 ad

215 3082 365 3129 octavum
390 3068 476 3130 diem
500 3068 540 3130 ad
565 3088 676 3150 pacem
701 3082 747 3130 est
769 3082 905 3150 recepta.

319 3174 397 3235 item
429 3175 545 3256 Mykus
569 3174 780 3237 Cernichicha
811 3187 921 3236 contra
949 3176 1104 3237 Jacobum
1129 3175 1322 3258 respondere
1347 3176 1480 3257 debens,

216 3278 249 3339 in
273 3277 394 3358 judicio
417 3300 482 3341 non
507 3280 697 3362 comparuit.

321 3384 397 3446 item
424 3385 522 3468 Elyas
546 3405 663 3467 parvus
686 3399 796 3448 contra
814 3386 930 3470 Gyuan
949 3387 1054 3469 primo
1071 3388 1184 3450 citatus
1206 3408 1272 3450 non
1291 3389 1479 3477 comparuit.

381 3585 477 3658 feria
505 3597 603 3660 sexta
632 3591 787 3677 proxima
815 3597 893 3678 post
921 3597 1061 3660 octavas
1090 3589 1168 3661 festi
1198 3590 1311 3662 Pasce.

756 3742 797 3818 (3.
817 3743 941 3817 aprilis).

319 3879 397 3941 Item
415 3880 525 3941 Petrus
549 3880 759 3942 Mathkouich
783 3894 893 3943 contra
914 3881 1094 3942 Johannem
1112 3881 1283 3964 Hlebopek
1307 3883 1412 3964 primo
1437 3883 1479 3943 ci-

216 3996 300 4045 tatus
324 4005 389 4046 non
413 3986 601 4066 comparuit.

320 4092 398 4153 item
424 4112 518 4152 causa
536 4092 665 4153 Thome
690 4092 782 4174 jurati
807 4105 917 4152 contra
935 4091 1114 4153 Johannem
1133 4093 1232 4153 Pazar
1255 4093 1295 4154 ad
1320 4107 1394 4154 octo
1411 4092 1480 4154 dies

213 4196 252 4258 ad
278 4217 390 4278 pacem
415 4210 462 4258 est
485 4212 620 4278 recepta.

318 4306 397 4367 Item
423 4305 579 4366 Martinus
604 4304 760 4386 Zekyrich
785 4321 896 4367 contra
918 4305 1098 4366 Johannem
1125 4305 1220 4365 Liber
1243 4305 1349 4387 primo
1366 4306 1480 4367 citatus

213 4430 277 4472 non
304 4412 494 4492 comparuit.

319 4516 397 4578 Item
420 4517 575 4578 Nicolaus
599 4515 738 4598 Myndof
759 4530 870 4578 contra
894 4516 1058 4578 Thomam
1078 4516 1219 4597 juratum
1243 4516 1348 4599 primo
1366 4517 1479 4579 citatus

212 4641 277 4684 non
302 4624 491 4704 comparuit.

318 4794 472 4862 *Corrigez
496 4806 564 4863 post.
