3474 5234
619 300 816 374 Ann01377.
843 332 882 341 —
910 313 935 358 1.
959 299 1131 373 septembris.

352 509 432 572 Item
456 511 594 572 Iacobus
617 507 747 592 pellifex
773 523 883 572 contra
902 509 1095 590 Gregorium
1124 508 1203 570 feria
1226 524 1313 571 sexta
1338 529 1422 571 nuuc
1438 528 1512 592 pro-

248 617 332 678 xime
358 629 491 679 ventura
516 616 634 699 jurabit
658 636 690 677 se
714 616 830 678 tercius
854 617 887 677 iu
909 637 958 696 eo,
983 616 1071 698 quod
1096 616 1163 698 ipse
1187 616 1247 677 sibi
1272 615 1305 677 in
1329 635 1383 676 sex
1399 616 1513 678 marcis

248 723 416 786 Modrusse
440 724 566 785 nullum
600 723 777 805 dampnum
811 723 982 785 intullisset
1011 743 1068 806 per
1091 742 1182 783 suam
1213 722 1435 784 acusaciouem
1461 723 1512 784 vel

247 827 473 892 induccionem
498 829 668 892 tributarii

351 935 429 999 Item
450 937 604 999 Nicolaus
621 935 747 998 Crisani
764 948 875 998 contra
893 934 1094 1019 Mychaelem
1111 934 1249 1017 juratum
1266 935 1373 1018 primo
1397 936 1512 998 citatus

245 1058 311 1102 nou
339 1042 529 1124 comparuit.

350 1147 429 1210 Item
456 1148 568 1210 Petrus
592 1161 702 1210 contra
727 1149 875 1210 Markum
899 1147 1005 1229 primo
1030 1146 1151 1227 judicio
1175 1146 1393 1229 respondebit.

351 1253 428 1317 Item
455 1253 602 1337 Mychael
635 1253 755 1335 juratus
787 1267 896 1315 contra
928 1253 1054 1315 Fratres
1085 1254 1227 1315 mInores
1256 1253 1362 1336 primo
1398 1253 1511 1315 citatus

245 1377 311 1421 non
338 1361 529 1442 comparuit.

352 1466 431 1528 Item
450 1465 625 1548 Gregorius
642 1465 726 1528 filius
744 1466 897 1548 Stephani
923 1465 998 1527 dicti
1016 1464 1162 1527 Pundich
1179 1479 1288 1527 contra
1306 1464 1509 1528 Clementem

245 1569 436 1634 familiarem
460 1572 585 1634 domini
611 1573 728 1635 Donati
753 1573 858 1655 primo
882 1572 995 1633 citatus
1019 1591 1084 1633 non
1108 1572 1298 1654 comparuit.

349 1679 429 1741 Item
452 1680 537 1741 Iwau
562 1692 592 1742 et
609 1680 762 1742 Nicolaus
786 1679 974 1761 carpentarii
996 1694 1106 1740 contra
1124 1680 1291 1740 Marenum
1316 1676 1507 1741 familiarem

243 1784 353 1847 relicte
378 1785 541 1847 Bartuchii
566 1784 643 1848 feria
667 1801 753 1848 sexta
778 1806 863 1848 nunc
891 1799 1024 1847 ventura
1046 1785 1296 1867 respondebunt.

351 1891 428 1953 Item
464 1892 622 1954 MartInus
653 1891 823 1974 Zequirich
856 1905 965 1954 contra
998 1891 1130 1953 Iuanum
1163 1891 1397 1975 carpentariam
1428 1888 1507 1952 feria

241 2011 327 2059 sexta
353 2016 437 2060 nunc
461 1999 606 2081 proxime
630 2014 764 2062 ventura
788 1997 1006 2081 respondebit.

346 2103 427 2166 Item
451 2104 580 2168 Cussilo
610 2104 694 2166 filius
725 2105 876 2186 Nandrag
908 2117 1017 2166 contra
1051 2103 1224 2166 Martinum
1255 2104 1361 2186 primo
1392 2103 1505 2165 citatus

241 2227 307 2271 nou
332 2211 522 2293 comparuit.

346 2315 424 2378 Item
451 2337 545 2379 causa
568 2316 721 2380 Peterlini
747 2330 857 2379 contra
875 2316 950 2378 Iuan
976 2330 1007 2378 et
1027 2317 1157 2378 Petrum
1182 2328 1229 2378 est
1251 2335 1308 2398 per
1332 2315 1504 2378 Nicolaum

239 2421 357 2485 Mahne
381 2424 421 2485 ad
446 2422 558 2486 feriam
583 2437 704 2486 sextam
729 2442 813 2484 nunc
837 2437 1003 2485 venturam
1029 2437 1154 2505 recepta
1178 2422 1217 2483 ad
1242 2442 1364 2504 pacem.

344 2531 423 2592 Item
446 2531 571 2593 Mariua
595 2544 705 2592 contra
730 2529 909 2592 Iohannem
935 2529 1053 2591 vozdar
1086 2528 1164 2590 feria
1187 2542 1272 2590 sexta
1297 2528 1413 2609 jurabit
1434 2530 1502 2591 sola

237 2655 374 2719 persona
398 2637 431 2698 in
456 2656 506 2715 eo,
530 2636 619 2719 quod
648 2638 714 2719 ipsa
748 2635 875 2698 nullum
907 2634 1147 2697 malefactorem
1172 2635 1212 2696 ad
1243 2634 1377 2696 domum
1410 2655 1501 2697 suam

238 2742 342 2806 noctis
365 2743 398 2805 iu
423 2742 556 2805 silencio
580 2743 707 2805 mellcia
735 2743 929 2825 precogitata
953 2762 1018 2804 nou
1044 2741 1237 2803 adduxisset.

347 2849 425 2912 Item
450 2849 561 2911 Petrus
585 2864 694 2912 contra
721 2849 878 2910 Marinam
902 2848 1044 2909 secundo
1077 2848 1190 2910 citatus
1222 2867 1287 2908 non
1311 2849 1501 2930 comparuit.

343 2956 422 3018 Item
455 2956 620 3019 Emericus
654 2955 743 3018 faber
779 2969 888 3017 contra
925 2954 1117 3035 Gregorium
1149 2954 1254 3036 primo
1288 2954 1400 3015 citatus
1435 2974 1500 3016 non

238 3063 428 3145 comparuit.

343 3169 420 3231 Item
458 3167 618 3249 Georgius
654 3182 763 3230 contra
807 3167 936 3229 Petrum
976 3167 1110 3248 longum
1146 3166 1251 3249 prImo
1286 3166 1400 3229 citatus
1435 3188 1500 3230 nou

237 3274 425 3358 comparuit.

341 3380 420 3441 Item
446 3380 523 3442 Iuan
547 3395 658 3442 contra
683 3378 877 3467 Gregorium
901 3398 1022 3441 woscar
1054 3392 1127 3461 post
1149 3399 1243 3440 suum
1268 3380 1441 3442 adventum
1466 3401 1499 3443 se

235 3486 351 3548 tercius
375 3484 454 3548 feria
477 3501 563 3549 sexta
595 3486 712 3569 jurabit
744 3486 776 3547 in
809 3505 859 3565 eo,
884 3484 972 3567 quod
1003 3485 1069 3568 ipse
1094 3506 1166 3547 suas
1198 3483 1305 3567 fruges
1329 3485 1499 3568 depascere

235 3612 301 3655 non
325 3591 462 3656 fecisset.

340 3699 421 3762 Item
445 3719 539 3762 causa
564 3699 650 3760 Luce
674 3698 772 3760 villici
797 3697 837 3759 de
861 3698 946 3778 Vgra
971 3711 1001 3759 et
1024 3696 1233 3779 jobagionum
1259 3711 1440 3761 nostrorum
1458 3699 1497 3761 de

234 3805 326 3868 Nova
349 3806 426 3868 villa
451 3820 497 3869 est
520 3826 577 3889 per
609 3805 779 3867 Nicolaum
812 3804 969 3866 decanum
1003 3804 1044 3865 ad
1075 3804 1216 3886 prImum
1247 3804 1403 3886 judicium
1426 3821 1499 3888 post

233 3912 440 3974 Nativitatem
465 3913 555 3973 beate
580 3911 712 3993 virginis
736 3925 861 3993 recepta
886 3911 926 3971 ad
951 3930 1074 3992 pacem.

340 4019 419 4082 Item
452 4019 597 4080 Andreas
630 4018 686 4080 Sib
718 4032 827 4080 contra
861 4018 967 4079 Mathe
992 4015 1127 4098 figulum
1159 4016 1264 4098 primo
1288 4017 1400 4079 citatus
1430 4038 1496 4080 non

233 4140 423 4209 comparuit.

339 4232 416 4295 Item
441 4252 535 4293 causa
552 4231 629 4292 Iuan
653 4243 684 4293 et
701 4232 799 4293 Mune
817 4244 863 4292 est
886 4251 942 4313 per
960 4230 1153 4311 Gregorium
1170 4244 1298 4312 recepta
1315 4230 1353 4291 ad
1371 4251 1495 4313 pacem.

337 4337 416 4399 Item
448 4338 614 4399 EmerIcus
645 4336 734 4399 Iaber
765 4350 875 4398 contra
908 4336 1110 4398 Clementem
1147 4337 1253 4418 primo
1285 4336 1399 4397 citatus
1429 4357 1494 4400 non

231 4458 421 4526 comparuit.

338 4551 417 4613 Item
450 4551 561 4611 Marko
587 4550 700 4611 Putaui
736 4549 921 4611 testimonio
954 4548 1093 4611 Bediche
1126 4548 1281 4611 carnificis
1305 4563 1336 4611 et
1367 4550 1493 4612 MIcuaii

231 4657 379 4719 ateatavit
401 4676 497 4740 super
521 4676 570 4735 e0‚
595 4656 684 4738 quod
708 4657 775 4738 ipse
799 4655 961 4737 quendam
987 4657 1102 4717 bovem
1132 4655 1171 4717 de
1195 4657 1338 4737 quodam
1362 4656 1494 4719 homine

231 4761 272 4824 de
296 4762 472 4824 Moroucha
496 4782 554 4845 pro
579 4763 730 4826 undecIm
759 4763 865 4844 pensis
889 4774 1111 4844 comparasset.
