3472 5234
583 298 673 358 Anno
697 310 781 376 1377.
805 335 845 341 —-
870 314 920 376 24.
950 297 1122 360 novembris.

333 511 410 572 ltem
435 509 620 572 Anthonius
644 510 746 571 Reniz
778 523 887 571 contra
912 510 1082 571 Nicolaum
1114 507 1216 571 filium
1249 508 1427 592 Mychaelis
1451 509 1491 572 de

228 617 374 699 Nezpesa
402 633 517 678 octavo
541 616 593 677 die
618 615 835 698 respondebit.

332 723 409 785 Item
434 742 527 784 causa
553 722 636 784 Petri
662 735 693 784 et
718 721 867 784 Chuethlt
892 736 939 784 est
956 742 1012 805 per
1036 723 1170 783 luanum
1195 719 1334 784 Plauech
1360 721 1400 783 ad
1417 735 1492 784 octo

226 827 295 890 dies
318 841 445 910 recepta
470 828 509 890 ad
537 848 661 911 pacem.

333 935 411 996 ltem
437 933 628 996 Pertholdus
652 947 761 996 contra
787 933 966 996 Janslinum
995 934 1223 996 stacionarium
1247 935 1353 1017 primo
1378 934 1493 997 citatus

226 1060 292 1102 oon
318 1040 508 1123 comparuit.

333 1147 410 1209 ltem
445 1145 591 1209 Geninus
623 1146 744 1228 juratus
775 1159 885 1208 contra
916 1146 1055 1208 eundem
1087 1145 1266 1208 Janslinum
1299 1160 1414 1209 octavo
1437 1145 1491 1208 die

225 1253 444 1334 respondebit.

331 1360 409 1421 ltem
434 1380 527 1421 eausa
545 1358 717 1421 Alexandri
743 1372 774 1420 et
796 1358 901 1420 Adree
919 1358 985 1441 Syb
1010 1372 1056 1419 est
1079 1377 1136 1440 per
1159 1358 1264 1420 Eliam
1289 1357 1489 1420 aurifabrum

226 1465 265 1527 ad
290 1466 430 1547 primum
455 1465 611 1547 judicium
635 1478 707 1548 post
731 1464 863 1546 nupcias
887 1465 1010 1526 Mareni
1034 1478 1159 1546 recepta
1185 1463 1224 1525 ad
1249 1484 1372 1546 pacem.

332 1591 409 1653 ltem
434 1611 528 1653 causa
552 1589 644 1652 Pauli
669 1590 779 1673 Kypar
802 1602 833 1651 et
865 1589 955 1650 Hans
977 1602 1024 1650 est
1053 1608 1109 1671 per
1133 1589 1289 1650 Jacobum
1313 1586 1488 1672 pellificem

225 1696 264 1758 ad
290 1711 364 1759 octo
389 1696 457 1758 dies
481 1709 607 1779 recepta
631 1695 671 1757 ad
695 1715 818 1778 pacem.

330 1803 408 1865 Item
434 1803 615 1885 Stephanus
630 1822 729 1884 gener
745 1801 856 1864 Touth
874 1814 984 1863 contra
1008 1801 1227 1863 Alexandrum
1244 1801 1350 1885 primo
1374 1801 1489 1863 citatus

223 1927 288 1969 non
321 1909 518 1990 comparuit;
548 1908 634 1969 idem
667 1908 848 1992 Stephanus
879 1907 1085 1990 respondebit
1123 1908 1228 1991 primo
1260 1906 1381 1988 judicio
1414 1921 1487 1990 post

223 2015 356 2096 nupcias
380 2014 513 2077 Mareni.

332 2137 438 2199 Posita
469 2152 515 2199 est
546 2157 628 2220 pena
659 2138 772 2220 viginti
806 2157 910 2199 marce
942 2137 1024 2199 inter
1055 2136 1234 2199 Johannem
1263 2137 1423 2199 literatum
1457 2150 1489 2199 et

225 2243 409 2305 Ladislaum
434 2242 536 2305 filium
561 2245 666 2306 Borke
690 2245 715 2305 si
744 2264 815 2326 pars
846 2258 968 2326 partem
993 2242 1088 2322 facto,
1119 2245 1218 2305 verbo
1242 2243 1292 2305 vel
1316 2262 1414 2326 opere
1438 2243 1486 2305 of·

222 2347 341 2426 fendet,
365 2348 468 2410 donec
493 2349 616 2421 iusticia
641 2348 736 2411 fuerit
759 2350 842 2411 inter
864 2364 978 2432 partes.

329 2473 406 2534 ltem
431 2472 562 2534 domina
586 2473 695 2535 relicta
719 2473 844 2535 Nicolai
869 2472 1020 2536 aurifabri
1048 2487 1079 2535 et
1102 2474 1149 2535 sui
1175 2474 1264 2555 pueri
1289 2487 1404 2536 octavo
1430 2474 1483 2537 die

221 2598 317 2660 super
341 2578 440 2640 domo
465 2579 603 2640 condam
629 2578 761 2661 Georgii
778 2579 951 2641 sacerdotis
968 2579 1007 2641 de
1026 2579 1203 2661 Oporouch
1227 2580 1259 2640 in
1285 2594 1391 2642 nostra
1409 2581 1485 2643 civi·

221 2697 285 2746 tate
310 2685 416 2747 habita
440 2685 508 2766 jura
534 2685 679 2763 literalia‚
703 2686 728 2746 si
754 2705 817 2767 qua
841 2686 1021 2766 habuerint,
1045 2687 1234 2769 producent.

326 2792 404 2854 ltem
430 2812 523 2854 causa
549 2792 687 2854 Ladislai
713 2793 879 2854 assessoris
902 2806 933 2854 et
961 2793 1113 2874 Stephani
1139 2791 1219 2854 fabri
1244 2807 1290 2855 est
1313 2813 1370 2876 per
1394 2796 1485 2858 Mau·

220 2897 333 2959 ricium
359 2912 389 2959 et
414 2898 613 2980 Stephanum
637 2898 676 2960 ad
702 2913 774 2959 octo
799 2897 866 2959 dies
888 2913 1014 2980 recepta
1039 2898 1078 2960 ad
1104 2918 1226 2981 pacem.

329 3004 405 3066 ltem
420 3004 565 3066 Andreas
578 3005 634 3066 Sib
648 3017 757 3066 contra
771 3004 955 3066 Ladislaum
972 3004 1055 3066 tulat
1067 3017 1181 3066 octavo
1198 3004 1251 3067 die
1262 3005 1481 3086 respondebit.

326 3127 405 3188 ltem
435 3146 530 3188 causa
563 3127 717 3188 Hermaoi
752 3141 782 3188 et
814 3127 897 3189 Petri
930 3142 1038 3189 eontra
1072 3128 1242 3190 Paulinum
1273 3142 1320 3191 est
1343 3149 1400 3212 per
1431 3131 1484 3192 Jo-

222 3232 362 3294 hannem
387 3233 508 3294 vuzdar
530 3245 561 3294 et
578 3231 775 3313 Stephanum
793 3231 919 3294 fabrum
936 3233 975 3294 ad
993 3248 1066 3295 octo
1083 3233 1151 3294 dies
1168 3249 1293 3316 recepta
1303 3235 1342 3296 ad
1361 3255 1484 3317 pacem.

327 3339 404 3400 ltem
429 3338 605 3420 Dyonisius
628 3351 717 3398 sutor
740 3351 849 3399 contra
881 3337 1073 3420 Gregorium
1105 3359 1216 3401 voscar
1240 3340 1345 3422 primo
1369 3342 1484 3404 citatus

222 3462 287 3505 non
312 3444 501 3526 comparuit.

326 3567 404 3627 ltem
420 3565 571 3645 magister
594 3565 756 3627 lohannes
788 3566 919 3648 Crispus
951 3581 1059 3629 contra
1085 3567 1258 3651 Gyuanum
1283 3583 1398 3632 octavo
1430 3571 1483 3634 die

219 3671 436 3754 respondebit,
461 3684 492 3732 et
516 3672 666 3733 Marenus
689 3685 799 3734 contra
821 3672 1023 3736 Clementem
1048 3689 1161 3736 octavo
1187 3675 1238 3736 die
1262 3676 1480 3759 respondebit.

325 3777 402 3838 ltem
427 3775 512 3838 lwan
537 3790 646 3839 eontra
671 3778 761 3839 Hans
784 3778 889 3859 primo
913 3780 1027 3842 citatus
1050 3800 1114 3841 oon
1140 3783 1329 3864 comparuit.

324 3884 402 3945 ltem
425 3883 571 3946 Andreas
596 3885 651 3946 Sib
672 3899 782 3946 contra
807 3885 994 3967 Fabyanum
1013 3886 1173 3948 literatum
1197 3888 1340 3950 secundo
1365 3891 1482 3953 citatus

218 4009 282 4051 noo
308 3990 498 4071 comparuit.

324 4112 401 4174 Item
430 4113 647 4194 possessiones
670 4113 812 4193 magistri
844 4113 969 4175 Nicolai
993 4113 1050 4175 filii
1083 4115 1255 4177 Alexandri
1281 4117 1387 4180 eidem
1413 4139 1480 4182 ma·

216 4216 314 4298 gistro
339 4218 475 4280 Nicolao
498 4219 667 4281 statuimus
690 4232 846 4299 perpetuo
870 4219 1079 4299 possidendas
1103 4241 1160 4302 pro
1178 4241 1216 4282 eo
1240 4235 1271 4283 et
1295 4242 1332 4284 ex
1357 4244 1397 4286 eo
1421 4246 1480 4308 po·

217 4321 337 4383 tissime
362 4323 436 4403 quia
461 4324 611 4405 magister
636 4321 816 4403 Stephanus
838 4320 923 4384 filius
940 4325 1063 4387 Nicolai
1081 4325 1139 4388 filii
1164 4326 1297 4409 Chopor
1313 4329 1353 4390 ad
1371 4330 1479 4412 plures

216 4428 370 4489 terminos
393 4449 450 4509 per
481 4448 540 4490 nos
570 4428 629 4489 sibi
661 4428 837 4507 assignatos
869 4428 1000 4491 minime
1026 4431 1134 4492 venire
1166 4435 1298 4512 curavit,
1331 4455 1389 4498 nec
1421 4457 1479 4501 sua

217 4532 426 4596 instrumenta
452 4534 597 4610 literalia,
621 4534 647 4593 si
671 4551 734 4612 qua
765 4530 870 4609 habet,
894 4534 1042 4596 exhibere
1067 4537 1187 4614 voluit;
1212 4540 1236 4600 si
1262 4541 1341 4622 quid
1366 4556 1474 4606 autem

216 4637 302 4699 idem
327 4642 476 4720 magister
501 4639 682 4720 Stephanus
705 4655 799 4716 super
827 4636 931 4717 ipsum
965 4643 1151 4721 magistrum
1176 4645 1348 4710 Nicolaum
1372 4647 1474 4712 filium

226 4742 255 4760 ’“
271 4743 389 4805 *xandri
415 4762 547 4828 querere
572 4740 729 4817 babuerit,
754 4737 887 4819 juridice
910 4760 1122 4826 prosequatur
1145 4768 1253 4814 coram
1278 4754 1380 4818 nobis.
