3472 5234
647 306 734 363 Anno
756 301 848 382 1383.
875 339 914 349 -
939 320 989 383 14.
1014 308 1139 380 augusti.

370 514 448 577 ltem
474 514 619 576 Matheus
645 515 814 599 Hlebopelr
839 528 947 578 contra
978 517 1158 578 Johannem
1182 516 1320 598 juratum
1347 517 1451 600 primo
1484 519 1528 580 ci·

264 633 347 682 tatus
371 639 435 683 non
460 622 649 704 comparuit.

370 728 448 791 Item
474 728 606 790 Kirinus
622 727 708 790 filius
725 729 814 790 Pauli
833 729 908 791 dicti
927 729 1029 811 Sorga
1054 744 1168 793 octavo
1193 730 1245 793 die
1262 751 1318 812 per
1342 732 1526 794 Emericum

264 834 444 916 Brodarigh
468 849 499 895 et
523 834 608 896 lwan
634 834 804 917 Hlebopelr
837 834 897 897 hoc
922 836 1080 913 atestabit‚
1110 836 1198 917 quod
1233 836 1408 918 Gregorius
1441 837 1528 901 Chu-

264 940 380 1002 dauich
405 940 465 1002 hoc
490 940 629 1019 dixisset,
654 940 742 1021 quod
771 941 839 1022 ipse
857 940 1033 1022 Gregorius
1056 942 1096 1003 ad
1114 957 1295 1005 consortem
1321 943 1396 1005 dicti
1422 945 1528 1006 Kirini

264 1046 468 1108 ambulasset.

370 1151 448 1212 Item
483 1150 605 1233 Symon
637 1150 722 1213 filius
753 1150 944 1236 Chepernya
977 1167 1091 1214 octavo
1123 1153 1174 1214 die
1212 1168 1321 1216 contra
1354 1153 1522 1216 dominum

265 1257 406 1319 Blasium
430 1256 702 1339 archydiaconum
727 1257 882 1338 quasdam
899 1258 1006 1320 literas
1022 1259 1236 1341 expeditorias
1252 1260 1401 1322 exhibere
1418 1259 1523 1321 debet.

369 1363 446 1425 lteris
465 1364 577 1425 lvlarlro
601 1363 686 1425 filius
704 1362 839 1446 Mykech
866 1364 904 1425 de
923 1363 1071 1427 Graehan
1089 1366 1121 1426 in
1146 1364 1230 1428 lacto
1247 1365 1413 1428 cuiusdam
1430 1366 1524 1428 vinee

263 1470 371 1532 literas
394 1490 466 1532 suas
490 1482 599 1531 contra
625 1469 801 1553 Symonem
826 1470 975 1532 exhibere
1001 1471 1105 1534 debet.

368 1575 447 1637 ltem
479 1576 599 1637 Paulus
634 1574 862 1638 Charantouch
906 1589 1016 1639 contra
1054 1577 1139 1638 lwan
1174 1578 1280 1660 primo
1316 1578 1429 1640 citatus
1462 1597 1528 1640 non

265 1683 457 1764 comparuit.
1530 1686 1533 1692 ’

369 1788 448 1850 ltem
471 1787 596 1868 Agatha
620 1787 738 1849 mulier
768 1801 877 1850 contra
903 1788 986 1850 lwan
1013 1789 1184 1872 Hlebopek
1215 1789 1321 1871 primo
1345 1790 1438 1852 citata
1463 1810 1528 1851 non

264 1895 453 1977 comparuit.

370 2001 449 2063 Item
473 1999 626 2062 dominus
650 2000 776 2062 Blasius
799 2013 905 2062 custos
936 2015 1046 2062 contra
1074 2000 1252 2083 Georgium
1285 2002 1390 2083 prImo
1415 2002 1529 2064 citatus

265 2127 330 2169 non
356 2107 544 2188 comparuit.

369 2213 447 2274 Item
477 2232 571 2273 causa
604 2212 773 2274 Laurentii
805 2226 914 2274 contra
946 2213 1087 2275 Brumen
1120 2213 1159 2274 ad
1192 2225 1342 2275 octavum
1375 2213 1462 2275 diem
1486 2212 1527 2275 ad

262 2339 373 2402 pacem
400 2333 446 2381 est
471 2332 606 2400 recepta.

369 2425 446 2487 ltem
478 2444 572 2486 causa
597 2424 679 2485 Petri
715 2437 824 2486 contra
848 2423 962 2507 Cygan
990 2423 1030 2485 ad
1062 2437 1210 2486 octavum
1236 2424 1323 2485 diem
1348 2424 1388 2486 ad
1412 2444 1525 2507 pacem

263 2544 310 2594 est
332 2546 469 2614 recepta.

368 2637 444 2700 ltem
472 2637 586 2699 Paulas
603 2651 716 2699 octavo
741 2637 792 2699 die
817 2658 873 2720 per
890 2637 1058 2700 mulierem
1085 2638 1215 2699 luciam
1234 2653 1266 2700 et
1290 2639 1437 2700 Kaukam
1454 2639 1527 2700 sali-

264 2766 360 2807 venas
384 2745 444 2807 hoc
478 2744 641 2823 atestabit‚
674 2744 762 2825 quod
795 2744 854 2805 sibi
881 2745 991 2805 Petrus
1022 2743 1106 2805 filius
1131 2742 1216 2806 Gerd
1241 2744 1394 2806 tredecim
1419 2746 1527 2828 pensis

263 2867 294 2914 et
317 2853 461 2933 quinque
486 2851 625 2913 denariis
650 2850 778 2912 debitor
802 2848 906 2912 fuerit.

368 2958 446 3020 ltem
471 2957 555 3018 idem
582 2957 695 3017 Paulas
723 2976 794 3018 cum
828 2957 942 3017 eodem
970 2957 1062 3017 Petro
1095 2971 1126 3018 et
1150 2957 1322 3017 Dominico
1347 2976 1448 3038 usque
1474 2977 1527 3018 oc·

262 3078 370 3126 tarum
395 3064 481 3126 diem
507 3064 588 3124 inter
611 3083 643 3123 se
668 3063 829 3123 racionem
855 3081 975 3144 ponere
1000 3062 1127 3127 debent.

368 3170 444 3231 ltern
470 3170 615 3230 Thomas
639 3180 747 3229 contra
773 3169 901 3229 Petrum
935 3169 1040 3249 primo
1065 3168 1178 3229 citatus
1202 3188 1267 3229 non
1292 3169 1481 3249 comparuit.

368 3276 445 3336 ltem
460 3275 621 3336 lohannes
634 3273 849 3354 carpentarius
862 3289 971 3334 contra
988 3274 1102 3334 Paulas
1115 3287 1229 3335 octavo
1243 3274 1294 3334 die
1309 3273 1526 3354 respondebit.

369 3381 447 3442 ltem
472 3381 624 3441 Nicolaus
649 3378 860 3461 Lypouschak
885 3394 1000 3440 octavo
1025 3379 1076 3441 die
1100 3399 1196 3461 super
1220 3399 1258 3440 eo
1284 3379 1411 3460 jurabit,
1437 3378 1526 3459 quod

261 3489 328 3569 ipse
351 3509 404 3549 sex
430 3487 535 3568 pensis
560 3484 717 3567 Mychaeli
744 3484 810 3545 lilio
837 3485 983 3545 Damiani
1009 3485 1135 3546 debitor
1160 3504 1225 3546 non
1251 3483 1355 3547 luerit.

368 3593 445 3654 ltem
470 3592 622 3653 Nicolaus
645 3604 734 3651 sutor
757 3605 872 3651 octavo
896 3590 947 3651 die
972 3611 1028 3672 per
1045 3592 1200 3653 Jacohum
1226 3605 1257 3652 et
1282 3591 1445 3652 Thomam
1471 3590 1524 3652 de·

263 3718 377 3759 canum
404 3697 464 3758 hoc
489 3696 646 3773 atestabit‚
672 3697 758 3776 quod
785 3695 888 3776 ipsum
915 3697 980 3757 Juri
1007 3698 1225 3778 vituperasset.

367 3805 445 3866 ltem
463 3803 581 3865 Paulus
605 3802 693 3863 faber
724 3816 832 3863 contra
858 3804 994 3884 Mykech
1026 3818 1166 3865 sutorem
1192 3804 1297 3885 ptimo
1323 3804 1436 3865 citatus
1459 3823 1524 3864 non

261 3911 449 3993 comparuit.

367 4017 444 4077 Item
468 4030 565 4077 testes
589 4015 678 4076 Pauli
712 4016 842 4096 pictoris
873 4030 904 4077 et
936 4015 1087 4099 Symonis
1115 4017 1156 4078 ad
1189 4016 1461 4079 deliberacionem
1485 4016 1524 4077 ad

262 4137 411 4184 octavum
438 4121 524 4183 diem
548 4141 580 4182 se
605 4136 802 4202 receperunt.

366 4228 444 4288 Item
471 4226 587 4309 Gyuan
613 4242 722 4288 contra
747 4227 949 4289 Anthonium
973 4228 1072 4290 Renis
1089 4243 1203 4290 octavo
1228 4228 1279 4289 die
1305 4228 1524 4309 respondebit.

367 4333 445 4394 ltem
471 4332 646 4415 Gregorius
674 4348 774 4395 sartor
797 4346 911 4395 octavo
944 4333 995 4395 die
1028 4353 1185 4415 supereo
1217 4333 1334 4414 jurabit
1358 4333 1446 4415 quod
1472 4335 1525 4395 Jo-

261 4438 383 4500 hannes
408 4440 554 4522 Samlyar
578 4452 651 4501 octo
668 4439 783 4501 marcis
806 4439 933 4501 debitor
950 4438 1055 4519 luerit,
1081 4455 1110 4502 et
1128 4460 1223 4522 super
1246 4440 1363 4501 minori
1388 4440 1523 4521 pecunia

261 4556 365 4626 potest
388 4544 502 4625 jurare.

364 4651 442 4713 ltem
465 4651 658 4713 Benedictus
689 4650 875 4732 Mosnarigh
906 4665 1020 4713 octavo
1051 4651 1102 4712 die
1133 4652 1275 4714 secundo
1308 4672 1340 4714 se
1365 4672 1460 4734 super
1485 4672 1524 4714 eo

258 4755 387 4840 jurabit,
412 4756 500 4839 quod
526 4758 630 4839 ipsum
655 4757 741 4819 lwan
766 4776 868 4838 usque
892 4758 1082 4838 sanguinem
1106 4757 1320 4840 percussisset.
