3472 5234
595 316 680 371 Anno
703 310 793 390 1387.
820 347 859 355 -
883 327 932 376 22,
948 315 1101 388 januarii.

319 525 399 586 Item
423 544 517 587 causa
543 523 661 605 Igliche
679 538 790 585 contra
807 524 988 585 Iohannem
1013 522 1053 584 ad
1069 524 1211 605 primum
1235 522 1391 603 judicium
1409 533 1480 604 post

215 630 390 692 adventum
415 630 490 692 dicti
515 630 634 712 Iglicha
660 643 706 692 est
730 644 912 712 prorogata.

320 736 399 798 Item
424 736 575 798 dominus
600 737 761 798 Barnabas
794 737 967 798 canonicus
990 736 1147 817 vigesimo
1180 736 1294 817 quinto
1318 754 1351 796 se
1374 735 1481 797 conci·

214 843 307 905 vibus
331 843 522 925 premissum
546 862 641 904 suum
665 842 882 924 juramentum
907 842 993 922 juxta
1018 842 1205 923 premissam
1231 855 1372 903 nostram
1398 839 1481 921 iudi·

214 949 345 1011 ciariam
378 949 640 1010 commissionem
674 948 706 1009 in
738 968 788 1026 eo,
813 962 848 1010 ut
877 948 943 1030 ipse
974 968 1069 1028 super
1102 946 1329 1009 interfeccione
1355 946 1480 1009 Nicolai

214 1053 376 1138 Glesnyak
401 1069 510 1117 contra
529 1055 695 1116 universos
719 1052 829 1115 fratres
847 1054 945 1136 ipsius
970 1053 1095 1115 Nicolai
1113 1074 1207 1115 suurn
1232 1054 1382 1137 deposuit
1398 1055 1480 1135 jura·

214 1175 360 1224 mentum
393 1175 426 1223 ut
460 1162 583 1240 debuit,
616 1161 690 1222 ideo
715 1161 820 1242 ipsum
853 1161 1022 1223 dominum
1055 1162 1234 1222 Barnabam
1260 1161 1482 1223 commisimus

213 1267 410 1350 expeditum.

318 1374 397 1435 Item
418 1392 512 1435 causa
531 1373 638 1435 Mathe
655 1385 764 1434 contra
783 1372 981 1454 Stephanum
998 1386 1154 1435 sartorem
1170 1373 1209 1434 ad
1228 1371 1341 1435 feriam
1359 1386 1480 1435 sextam

214 1494 261 1542 est
284 1494 466 1562 prorogata.

319 1585 398 1647 Item
422 1585 510 1667 quod
542 1585 618 1666 quia
642 1585 804 1647 lohannes
835 1584 920 1646 filius
951 1585 1107 1647 Hermani
1131 1599 1226 1647 testes
1259 1599 1369 1647 contra
1394 1585 1480 1647 Iwan

215 1691 447 1771 carpentarium
472 1690 649 1774 producere
667 1691 788 1753 debens
812 1711 876 1752 non
896 1692 1057 1773 produxit,
1082 1691 1156 1752 ideo
1181 1711 1309 1753 causam
1327 1690 1479 1774 perdidit.

319 1796 396 1858 Item
421 1817 513 1858 causa
540 1797 716 1880 Mychaelis
739 1811 848 1859 contra
873 1797 997 1858 Jursich
1023 1816 1125 1878 usque
1150 1796 1261 1859 feriam
1286 1810 1406 1859 sextam
1431 1809 1479 1858 est

215 1915 396 1984 prorogata.

319 2010 398 2071 Item
421 2008 574 2070 Nicolaus
591 2009 704 2092 Cygan
725 2023 755 2071 et
773 2010 965 2085 Benedictus
982 2009 1146 2072 carnifices
1170 2008 1248 2071 feria
1272 2024 1357 2070 sexta
1383 2028 1480 2091 super

214 2135 253 2176 eo
277 2114 437 2195 jurabunt,
462 2114 551 2195 quod
575 2115 651 2197 ipsis
674 2129 804 2178 centurn
829 2131 859 2178 et
891 2117 1126 2198 quinquaginta
1158 2115 1227 2179 flor.
1253 2117 1322 2177 auri
1347 2131 1477 2197 propter

185 2203 357 2282 ‘debitum
382 2221 557 2282 liberorum
583 2221 720 2304 Mykech
746 2221 802 2283 filii
833 2219 946 2284 Franci
979 2223 1010 2283 in
1038 2224 1187 2304 Laybaco
1222 2222 1424 2304 recepissent,
1450 2236 1481 2282 et

213 2326 301 2407 quod
326 2326 385 2409 ipsi
411 2326 508 2387 nichil
534 2326 573 2387 de
599 2327 666 2409 ipsa
690 2328 827 2409 pecunia
852 2328 1065 2409 accepissent;
1090 2341 1121 2387 et
1144 2327 1275 2388 tandem
1300 2325 1383 2388 Iacto
1409 2327 1479 2408 ipso

214 2432 394 2512 iuramento
409 2432 534 2495 Marcus
551 2447 582 2494 et
599 2433 799 2515 Margaretha
816 2453 906 2495 soror
918 2454 975 2495 sua
992 2434 1197 2495 medietatem
1212 2434 1295 2494 dicte
1309 2433 1444 2515 pecunie
1462 2453 1479 2493 a

213 2538 266 2601 die
290 2539 505 2622 deposicionis
530 2539 629 2621 ipsius
651 2540 821 2623 juramenti
854 2560 954 2622 usque
988 2540 1167 2622 quiadenas
1200 2540 1324 2602 solvere
1348 2539 1477 2600 debent.

319 2645 395 2706 Item
421 2645 574 2706 Herricus
597 2646 739 2708 secundo
763 2666 795 2706 se
820 2644 906 2707 feria·
925 2660 1010 2707 sexta
1036 2645 1153 2726 jurabit
1178 2646 1209 2706 in
1234 2665 1283 2723 eo,
1309 2644 1396 2726 quod
1415 2643 1477 2705 sibi

214 2771 314 2813 unum
340 2751 489 2833 pulvinar
514 2764 544 2813 et
560 2766 682 2834 septem
700 2754 807 2835 pensis
823 2752 1029 2815 denariorum
1048 2753 1143 2834 Myke
1158 2752 1284 2813 debitor
1302 2771 1366 2812 non
1385 2762 1476 2812 esset.

319 2857 398 2919 Item
422 2859 510 2939 quod
535 2859 610 2939 quia
628 2859 773 2940 Dragech
798 2873 898 2921 sartor
923 2857 1023 2920 fassus
1041 2857 1111 2937 fuit,
1136 2857 1224 2939 quod
1242 2877 1363 2939 equum
1388 2857 1480 2919 Pauli

213 2961 329 3025 literati
355 2963 535 3045 recepisset,
559 2964 633 3026 ideo
658 2965 744 3026 idem
769 2965 887 3026 Paulus
919 2965 1063 3026 literatus
1096 2962 1175 3027 Ieria
1200 2964 1295 3025 tercia
1320 2983 1416 3045 super
1440 2983 1480 3024 eo

213 3067 341 3149 jurabit,
366 3070 454 3150 quod
479 3069 532 3131 ille
566 3089 668 3150 equus
699 3090 774 3132 suus
798 3070 859 3132 fuit
891 3086 922 3133 et
945 3085 1102 3152 quantum
1135 3070 1254 3146 valuit;
1282 3070 1347 3152 ipse
1372 3084 1478 3131 autem

215 3173 358 3256 Dragech
383 3174 500 3236 dictam
525 3195 652 3237 causam
678 3177 717 3238 ad
741 3179 891 3258 antiquos
914 3176 1037 3258 judices
1060 3176 1243 3258 appellavit.

320 3283 396 3344 Item
423 3283 587 3344 universas
618 3285 835 3365 possessiones
867 3304 929 3365 que
954 3284 1086 3345 domine
1120 3282 1290 3345 Ellzabeth
1324 3281 1481 3344 consortis

214 3388 369 3450 Iohannis
391 3389 489 3450 Vasas
514 3387 652 3467 fuerunt,
676 3390 762 3451 iuxta
778 3390 893 3452 seriem
918 3390 1082 3451 literarum
1108 3402 1215 3451 nostre
1242 3387 1481 3450 communitatis

213 3495 357 3575 cognatis
381 3495 535 3556 Johannis
559 3496 657 3557 Vasas
681 3496 956 3577 adjudicaverunt.

320 3600 397 3662 Item
416 3602 505 3663 Jursa
531 3602 563 3662 in
587 3602 692 3684 primo
717 3602 838 3683 judicio
867 3602 942 3664 novi
973 3601 1088 3683 judicis
1121 3602 1229 3663 literas
1253 3599 1482 3682 expeditorias,

213 3707 238 3767 si
264 3727 344 3788 quas
375 3707 480 3786 habet,
518 3709 548 3769 in
577 3706 661 3770 facto
696 3709 862 3770 cuiusdam
888 3709 1022 3791 pecunie
1055 3721 1165 3769 contra
1191 3707 1362 3769 dominum
1387 3705 1481 3766 Jako·

213 3812 348 3873 mellum
373 3813 549 3895 producere
574 3814 679 3875 debet.
