3472 5234
640 353 725 409 Anno
748 360 835 427 1375.
861 385 901 394 -
925 366 976 411 20.
1000 354 1108 412 martii.

352 564 429 625 Item
454 583 548 625 causa
564 563 720 626 Anthonii
745 578 776 626 et
799 565 882 627 Alen
900 565 997 627 nostri
1018 564 1159 627 hominis
1183 577 1229 625 est
1252 583 1309 646 per
1333 563 1507 626 Martinum

245 682 276 731 et
300 669 494 752 Dyonisium
518 669 558 731 ad
583 684 656 731 octo
681 670 749 731 dies
772 684 898 752 recepta
922 670 962 733 ad
987 689 1109 752 pacem.

351 775 429 836 Item
455 777 611 838 Martinus
635 790 666 838 et
690 775 832 839 Stefania
863 789 973 839 contra
1006 776 1177 839 Nicolaum
1204 776 1309 859 primo
1334 775 1419 837 citati
1443 794 1508 837 non

246 895 505 964 comparuerunt.

350 987 428 1049 Item
452 1007 545 1049 causa
576 987 754 1050 Sebestiani
786 1001 817 1050 et
848 988 924 1049 Iuan
949 1001 996 1050 est
1025 1008 1082 1071 per
1106 986 1284 1049 Francham
1309 985 1508 1049 aurifabrum

244 1091 284 1153 ad
308 1105 382 1154 octo
406 1092 474 1155 dies
497 1108 623 1176 recepta
648 1092 688 1154 ad
713 1112 834 1175 pacem.

350 1199 427 1260 Item
447 1199 517 1260 Elia
534 1197 695 1261 aurifaber
707 1211 818 1262 contra
831 1199 971 1260 Brumen
985 1199 1090 1280 primo
1107 1199 1221 1261 citatus
1235 1218 1301 1260 non
1317 1197 1507 1280 comparuit.

350 1304 427 1366 Item
459 1304 615 1366 Martinus
646 1303 817 1386 Zequirich
857 1317 967 1366 contra
1000 1303 1178 1386 Georgium
1209 1317 1362 1366 sartorem
1394 1315 1508 1365 octavo

245 1408 297 1470 die
321 1409 537 1492 respondebit.

350 1516 427 1577 Item
459 1516 568 1578 relicta
599 1516 785 1578 Peterkonis
823 1529 932 1578 contra
962 1515 1140 1577 Francham
1170 1516 1276 1599 primo
1309 1514 1403 1577 citata
1442 1533 1507 1576 non

244 1622 433 1704 comparuit.

350 1727 429 1789 Item
446 1728 635 1811 Domyanus
648 1742 758 1791 contra
772 1728 973 1791 Anthonium
986 1728 1091 1811 primo
1104 1729 1218 1791 citatus
1234 1747 1300 1790 non
1317 1727 1507 1810 comparuit.

349 1833 426 1896 Item
451 1835 561 1897 relicta
585 1835 772 1897 Peterkonis
796 1848 905 1897 contra
927 1834 1131 1897 Anthonium
1157 1834 1260 1896 Reniz
1283 1834 1389 1916 primo
1413 1833 1507 1895 citata

244 1960 308 2001 non
334 1941 524 2023 comparuit.

350 2046 427 2108 Item
436 2046 598 2108 Iohannes
610 2067 683 2109 cum
692 2067 792 2110 uxore
801 2067 857 2109 sua
868 2047 1057 2110 sebestiano
1071 2059 1181 2109 nostro
1191 2045 1315 2108 concivi
1325 2058 1356 2106 et
1368 2044 1505 2106 condam

241 2150 340 2232 judici
368 2171 440 2213 cum
477 2173 563 2215 novo
591 2155 666 2216 vino
694 2168 757 2217 tres
787 2154 855 2218 flor.
888 2154 1012 2216 solvere
1036 2153 1154 2216 debent
1176 2166 1248 2215 ante
1281 2170 1356 2213 suos
1391 2169 1505 2212 omnes

243 2258 425 2320 creditores.

347 2363 424 2425 Item
448 2363 611 2427 Iohannes
634 2379 743 2427 contra
764 2365 904 2448 judicem
922 2365 1136 2428 Jacomellum
1157 2377 1204 2427 est
1227 2365 1260 2425 in
1283 2363 1372 2425 XXV
1390 2360 1505 2423 marcis

243 2469 407 2531 convictus
424 2471 455 2532 in
475 2490 524 2550 eo,
546 2471 634 2552 quod
653 2472 758 2553 ipsum
783 2473 885 2534 noctis
910 2473 942 2534 in
964 2472 1096 2533 silencio
1118 2490 1191 2533 cum
1206 2469 1309 2532 securi
1326 2467 1504 2530 interficere

242 2575 407 2639 voluisset.

347 2681 426 2745 Item
450 2682 547 2746 Clara
578 2683 656 2747 feria
687 2685 784 2748 tercia
814 2685 959 2768 proxime
990 2699 1124 2749 ventura
1156 2684 1295 2763 Thome‚
1324 2682 1380 2765 qui
1403 2682 1504 2764 Ipsam

241 2786 383 2867 violavit,
408 2790 522 2871 pedem
547 2791 726 2873 amputabit
748 2811 805 2874 per
828 2811 861 2853 se
885 2792 937 2854 vel
959 2792 1070 2854 alium.

347 2893 424 2955 Item
448 2895 526 2957 Iuan
551 2909 665 2958 octavo
682 2896 733 2958 die
759 2897 982 2960 Sebestianum
997 2911 1128 2981 propter
1144 2896 1301 2979 vituperia
1326 2894 1422 2958 debet
1437 2894 1504 2977 pla-

243 3016 324 3074 care,
350 2998 495 3081 alioquin
518 3001 676 3082 justiciam
701 3001 855 3065 faciemus
878 3004 918 3066 de
941 3004 1067 3067 eodem.

348 3103 427 3167 Item
452 3107 528 3168 Iuan
552 3121 667 3170 octavo
691 3108 742 3170 die
767 3123 876 3172 contra
899 3110 1043 3173 relictam
1074 3109 1199 3172 Nicolai
1225 3107 1376 3170 aurifabri
1400 3127 1433 3169 se
1456 3127 1503 3170 se·

242 3212 366 3274 condus
389 3212 508 3293 jurabit
530 3233 625 3295 super
648 3234 687 3276 eo
704 3215 804 3277 semel
821 3229 851 3277 et
867 3214 1009 3277 secundo
1033 3228 1163 3299 propter
1180 3214 1347 3297 quoddam
1371 3213 1503 3276 monile.

347 3319 425 3381 Item
449 3319 600 3402 Mychael
625 3320 744 3402 juratus
767 3320 884 3401 {contra
916 3323 1095 3386 Iohannem
1129 3323 1225 3384 Liber
1248 3342 1305 3405 per
1329 3320 1503 3382 Macrinum

242 3435 273 3484 et
297 3423 496 3506 Stephanum
521 3423 647 3487 fabrum
667 3427 889 3490 testimonium
912 3428 1079 3510 producet,
1111 3427 1200 3510 quod
1223 3428 1284 3490 sibi
1309 3427 1342 3488 in
1366 3437 1504 3506 quatuor

241 3528 309 3594 flor.
336 3545 506 3594 teneretur.

346 3635 424 3697 Item
455 3637 660 3701 Sebestianus
691 3653 806 3702 octavo
837 3640 888 3702 die
919 3654 1028 3703 contra
1061 3640 1137 3701 Iuan
1162 3659 1219 3722 per
1248 3637 1441 3700 MauricIum
1472 3650 1503 3698 et

242 3742 332 3802 Mark
351 3742 507 3824 producet
522 3745 753 3825 testimonium,
777 3760 812 3808 ut
834 3747 939 3828 ipsum
964 3766 981 3807 a
1005 3767 1039 3808 se
1063 3765 1129 3807 non
1154 3744 1344 3828 repullisset.

347 3847 424 3909 Item
460 3848 571 3911 Petrus
605 3849 689 3912 filius
725 3851 848 3913 Hrethk
881 3850 959 3915 feria
994 3866 1080 3914 sexta
1111 3852 1256 3935 proxima
1288 3863 1360 3933 post
1382 3848 1503 3911 Pascha

241 3949 336 4013 debet
360 3953 468 4014 venire
492 3967 523 4014 et
545 3955 635 4017 XXV
659 3958 805 4038 personis
828 3956 1042 4039 juramentum
1068 3957 1230 4039 deponere
1254 3954 1343 4038 quod
1366 3955 1400 4016 in
1416 3953 1501 4017 furtu

239 4057 390 4120 stacionis
413 4059 531 4122 Donati
556 4063 655 4123 nostri
679 4064 820 4126 concivis
844 4078 876 4126 et
902 4063 1040 4126 condam
1071 4063 1165 4145 jurati
1189 4063 1343 4124 innocens
1367 4074 1449 4123 esset
1472 4073 1503 4122 et

240 4162 393 4224 immunis
416 4167 543 4247 penitus
567 4181 599 4230 et
621 4188 678 4251 per
705 4171 824 4233 omnia.

293 4378 390 4454 Ieria
418 4387 524 4458 tercia
552 4392 706 4477 proxima
734 4400 811 4463 ante
839 4392 962 4463 festum
989 4393 1079 4464 beati
1107 4391 1274 4463 Benedicti
1304 4389 1448 4461 abbatis.

764 4544 830 4618 (20.
854 4546 975 4622 martit).

346 4681 454 4745 Primo
479 4701 573 4744 causa
596 4682 697 4763 Pauli,
722 4683 798 4745 Iuan
823 4695 855 4746 et
877 4683 926 4745 sui
953 4681 1011 4745 filii
1036 4696 1082 4745 est
1112 4702 1169 4766 per
1193 4674 1392 4765 Stephabum
1415 4683 1498 4746 auri-

241 4785 366 4849 fabrum
390 4800 421 4849 et
446 4787 639 4871 Gregorium
661 4807 773 4851 voscar
796 4789 836 4852 ad
859 4801 933 4852 octo
957 4788 1026 4852 dies
1048 4802 1176 4872 recepta
1198 4789 1239 4852 ad
1262 4807 1385 4872 pacem.
