3472 5234
533 320 538 327 ἣ
582 357 669 414 Anno
690 354 785 433 1586.
811 389 851 400 -
875 368 904 433 7.
928 360 1056 431 augusti.
1391 377 1408 418 2
1415 378 1453 438 59

192 464 468 473 ——-—.—.

191 568 280 650 quod
305 569 371 650 ipse
396 588 452 649 per
484 566 602 629 factum
625 565 780 628 Iohannis
811 566 867 628 filii
901 568 1056 629 Hermani
1089 568 1201 629 decem
1225 568 1295 630 flor.
1321 568 1452 651 dampni

191 696 301 757 passus
326 675 445 739 fuisset.

296 781 373 843 Item
406 780 513 843 Endre
538 780 603 862 Syb
635 793 748 842 octavo
783 779 835 842 die
866 780 1009 842 secundo
1041 800 1075 841 se
1107 780 1233 860 jurabit,
1266 775 1353 862 quod
1387 783 1453 865 ipse

139 964 157 984 Ι
189 907 296 969 neque
320 887 368 948 sui
394 887 541 947 homines
565 904 638 947 cum
663 905 722 947 suo
746 886 826 946 scitu
851 884 961 946 fimum
987 885 1135 966 Gregorii
1161 888 1363 969 recepissent.

208 1104 303 1178 IerIa
332 1110 439 1178 tercia
467 1109 622 1195 proxima
649 1111 726 1194 post
752 1104 876 1176 festam
903 1105 992 1176 beati
1021 1104 1184 1176 Dominici
1214 1106 1426 1180 confessoris.

715 1266 757 1333 (7.
786 1256 926 1332 augusti).

295 1401 373 1463 Item
398 1398 506 1460 relicta
525 1398 678 1480 Gyurgya
696 1417 732 1458 ac
749 1396 841 1457 Duch
859 1395 943 1457 filius
968 1396 1113 1478 Sydouin
1132 1412 1243 1458 contra
1267 1398 1452 1480 Philippum

190 1507 294 1588 primo
319 1505 403 1566 citati
429 1524 493 1565 non
519 1515 778 1584 comparuerunt.

296 1611 373 1672 Item
399 1609 566 1691 Philippus
589 1607 673 1669 filius
698 1607 826 1670 medici.

295 1716 373 1778 Item
398 1715 543 1776 Andreas
559 1728 660 1775 sartor
678 1728 788 1775 contra
813 1713 929 1795 Gyuan
948 1713 1110 1776 Gallicum
1127 1713 1233 1795 priato
1250 1713 1364 1775 citatus
1387 1735 1451 1776 non

190 1822 378 1904 comparuit.

297 1928 375 1990 Item
400 1927 515 2008 IaIrlyn
540 1938 649 1987 contra
674 1925 858 1987 Emericum
882 1926 1024 1987 secundo
1049 1926 1162 1987 citatus
1180 1946 1244 1987 non
1263 1928 1452 2008 comparuit.

296 2034 373 2096 Item
399 2032 534 2114 Egidius
557 2031 705 2092 sacerdos
729 2046 760 2093 et
784 2031 946 2093 Iohannes
968 2033 1112 2094 literatus
1135 2051 1171 2093 ac
1195 2031 1327 2094 domina
1344 2051 1453 2094 socrus

190 2140 344 2202 Iohannis
366 2139 465 2200 Vasas
498 2153 611 2200 octavo
636 2138 687 2198 die
712 2151 819 2200 contra
851 2158 919 2200 sese
952 2139 1161 2200 instrumenta
1195 2158 1307 2199 eorum
1333 2140 1451 2221 produ·

193 2266 262 2308 cere
287 2247 414 2306 debent.

294 2352 369 2412 Item
397 2351 496 2432 Kyrin
515 2363 623 2411 contra
642 2349 822 2410 Iohannem
839 2350 1000 2410 literatum
1024 2351 1129 2431 primo
1147 2350 1259 2412 citatus
1275 2370 1341 2412 non
1366 2370 1452 2413 com-

188 2458 302 2540 paruit.

294 2564 370 2625 Item
389 2563 473 2623 Iwan
492 2564 708 2644 carpentarius
732 2575 842 2624 contra
860 2560 1021 2642 Mathyam
1039 2574 1194 2623 sartorem
1217 2561 1322 2642 primo
1340 2562 1453 2623 citatus

188 2688 253 2730 non
277 2668 466 2750 comparuit.

293 2774 370 2835 Item
403 2793 494 2834 causa
520 2773 685 2834 Benedicti
717 2772 829 2834 decani
862 2786 971 2833 contra
998 2772 1174 2852 Symonem
1207 2771 1384 2833 salivenam
1410 2773 1451 2834 ad

188 2893 336 2942 octavum
361 2880 448 2940 diem
472 2878 512 2939 ad
536 2898 648 2959 pacem
673 2891 720 2940 est
743 2892 879 2961 recepta.

294 2985 372 3047 Item
406 3004 500 3045 causa
525 2984 681 3045 Iohannis
712 2999 822 3046 contra
854 2983 1033 3044 Iohannem
1065 2982 1205 3062 juratum
1236 2982 1276 3043 ad
1300 2996 1451 3044 octavum

192 3091 277 3151 diem
303 3090 343 3152 ad
367 3109 477 3171 pacem
507 3103 553 3152 est
577 3105 713 3171 recepta.

293 3197 370 3257 Item
396 3195 533 3257 Selezko
558 3210 667 3257 contra
686 3195 848 3257 Andream
865 3208 1006 3256 sutorem
1031 3208 1144 3257 octavo
1162 3194 1213 3256 die
1231 3194 1450 3277 respondebit.

294 3302 371 3363 Item
396 3302 549 3363 Nicolaus
572 3316 682 3363 contra
707 3301 842 3362 Paulum
868 3301 972 3382 primo
989 3301 1103 3362 citatus
1126 3320 1192 3361 non
1217 3301 1407 3382 comparuit.

293 3409 369 3470 Item
395 3428 489 3469 causa
512 3408 638 3470 Lucasii
664 3421 774 3469 contra
798 3406 945 3488 Dragech
966 3406 1006 3467 ad
1031 3419 1181 3468 octavum
1205 3406 1292 3468 diem
1317 3416 1363 3467 est
1379 3425 1451 3488 pro·

191 3529 308 3596 rogata.

293 3620 370 3682 Item
398 3640 490 3682 causa
522 3620 611 3681 Pauli
643 3619 761 3681 literati
796 3633 905 3681 contra
936 3632 1117 3680 consortem
1149 3618 1309 3681 Francisci
1333 3618 1371 3680 ad
1398 3638 1450 3680 oc·

187 3741 295 3788 tavum
321 3726 406 3787 diem
433 3740 479 3788 est
503 3739 682 3808 prorogata.

293 3832 370 3894 Item
395 3852 488 3893 causa
506 3832 638 3894 domine
663 3831 765 3893 Elene
782 3844 892 3892 contra
913 3831 1041 3892 Petrum
1058 3844 1212 3892 sartorem
1238 3829 1277 3890 ad
1302 3843 1451 3891 octavum

188 3937 273 3998 diem
298 3951 343 3999 est
367 3952 548 4019 prorogata.

295 4043 372 4103 Item
399 4043 545 4125 Mathyas
569 4058 670 4105 sartor
686 4057 795 4104 contra
824 4042 994 4104 Nicolaum
1013 4043 1118 4125 primo
1136 4043 1249 4104 citatus
1273 4061 1339 4103 non
1365 4060 1451 4102 com·

189 4148 303 4228 paruit.

295 4253 373 4314 Item
398 4253 545 4335 Mychael
571 4255 788 4336 carpentarius
819 4267 934 4315 octavo
967 4254 1018 4314 die
1043 4268 1131 4314 sexto
1156 4273 1188 4314 se
1220 4272 1315 4334 super
1340 4271 1378 4313 eo
1404 4252 1450 4329 ju·

187 4360 279 4438 rabit,
304 4359 391 4440 quod
424 4360 491 4440 ipse
523 4359 688 4440 quoddam
714 4359 898 4421 incendium
931 4361 1109 4421 voluntarie
1142 4378 1206 4420 non
1233 4357 1367 4435 fecisset,
1395 4357 1450 4418 sed

187 4466 412 4545 contingenter
436 4464 554 4526 Iactum
579 4465 698 4527 fuisset.

293 4571 370 4632 Item
396 4572 548 4632 Nicolaus
572 4571 611 4632 de
633 4573 793 4652 Zauersya
816 4571 904 4632 solus
921 4585 1035 4632 octavo
1060 4570 1111 4632 dIe
1136 4590 1231 4652 super
1255 4589 1293 4630 eo
1318 4568 1448 4648 jurabit,

188 4678 275 4759 quod
301 4678 367 4759 ipse
392 4676 550 4757 quosdam
575 4676 784 4758 quadraginta
801 4690 864 4737 tres
881 4676 950 4737 flor.
973 4676 1039 4737 auri
1063 4674 1181 4737 Mathie
1206 4673 1310 4755 jurato
1336 4687 1450 4736 mutuo

187 4784 242 4846 sed
267 4804 331 4844 non
358 4784 398 4844 ad
424 4783 616 4844 murandum
642 4783 708 4865 ipsa
734 4802 766 4844 re
791 4781 926 4843 domum
950 4801 1040 4843 suam
1065 4780 1213 4842 dedisset.

1330 4872 1346 4903 s
