3472 5234
629 309 826 390 Ann01385.
850 346 890 357 -
915 310 966 372 16.
982 314 1076 389 junii·
1426 328 1489 390 239

330 526 408 588 Item
432 524 625 586 Benedictus
650 522 794 586 Gallicus
817 538 928 585 contra
952 523 1084 606 Jursych
1109 522 1251 584 secundo
1276 521 1389 583 citatus
1422 539 1487 581 non

225 631 414 714 comparuit.

331 736 409 798 Item
435 736 543 797 Bartol
568 733 708 797 carnifex
733 746 842 796 contra
869 735 952 797 Iwan
978 747 1092 798 octavo
1116 735 1168 796 die
1193 734 1409 817 respondebit.

330 842 408 906 Item
433 842 572 903 Iacobus
595 839 726 922 pellifex
751 855 861 902 contra
893 839 1071 922 Georgium
1082 856 1223 903 sutorem
1247 839 1489 922 expenditorem

225 947 257 1008 in
280 946 366 1009 facto
390 947 522 1011 sotulari
548 959 662 1008 octavo
686 946 738 1008 die
762 959 901 1010 statuere
926 946 1031 1009 debet.

330 1052 408 1114 Item
426 1051 559 1135 Gyanus
576 1052 646 1113 Bon
664 1065 773 1114 contra
792 1052 1005 1114 Laurentium
1030 1052 1229 1113 sacerdotem
1248 1051 1353 1134 primo
1377 1051 1490 1113 citatus

226 1178 289 1221 non
315 1158 505 1240 comparuit.

330 1265 407 1326 Item
426 1263 587 1345 Georgius
604 1263 842 1326 molendinator
858 1278 967 1325 contra
986 1263 1179 1345 Gregorium
1197 1263 1334 1326 condam
1351 1263 1489 1345 juratum

225 1383 339 1433 octavo
365 1370 416 1431 die
442 1369 659 1451 respondebit.

329 1476 409 1538 Item
433 1495 528 1537 causa
553 1474 665 1536 Raden
690 1488 799 1537 contra
819 1473 1015 1557 Gregorium
1040 1476 1079 1536 ad
1097 1475 1271 1538 adventum
1296 1476 1395 1558 ipsius
1412 1474 1490 1538 Gre-

225 1584 306 1666 gorIi
332 1582 371 1644 ad
396 1583 536 1665 prImum
561 1581 717 1662 judicium
741 1595 787 1643 est
811 1596 992 1663 prorogata.

331 1689 409 1750 Item
434 1687 542 1749 Endre
567 1687 633 1770 Syb
651 1701 761 1749 contra
783 1687 962 1750 Fabianum
981 1689 1142 1750 literatum
1166 1689 1271 1770 primo
1295 1688 1408 1749 citatus
1424 1708 1489 1750 nou

228 1795 416 1877 comparuit.

332 1900 410 1961 Item
437 1898 594 1981 Zekyrich
617 1913 727 1960 contra
745 1899 946 1982 Mychaelem
962 1899 1065 1981 prImo
1083 1899 1195 1961 citatus
1213 1918 1278 1960 non
1302 1900 1490 1982 comparuit.

330 2007 409 2068 Item
434 2006 572 2067 Iacobus
595 2004 724 2087 pellifex
748 2019 858 2067 contra
883 2005 1057 2066 Martinum
1081 2004 1206 2066 fabrum
1233 2017 1347 2068 octavo
1371 2005 1423 2067 die
1441 2026 1490 2067 re-

228 2112 408 2194 spondebit.

331 2219 410 2280 Item
447 2238 541 2280 causa
565 2217 706 2301 Dywtm)
730 2231 761 2279 et
789 2217 915 2279 Lucasii
949 2230 1058 2279 contra
1088 2217 1174 2279 Iwan
1207 2217 1310 2279 filium
1334 2217 1420 2278 Iwan
1452 2217 1492 2279 ad

226 2339 376 2387 octavum
399 2324 485 2397 diem
508 2324 559 2384 vel
582 2324 621 2385 ad
646 2323 825 2404 quindenas
849 2336 896 2384 est
923 2336 1103 2406 prorogata.

331 2432 408 2493 Item
435 2431 522 2512 quod
548 2430 623 2511 quia
648 2430 734 2491 Iwko
758 2427 843 2490 filius
869 2430 957 2492 Banlr
981 2449 1037 2510 per
1054 2443 1149 2491 testes
1175 2428 1322 2491 efficaces
1347 2428 1379 2488 id
1404 2447 1491 2490 com·

225 2537 382 2620 probavit,
407 2536 495 2618 quod
520 2537 610 2598 Hans
634 2534 820 2597 CarintInus
843 2535 903 2596 sibi
927 2535 1040 2616 viginti
1065 2556 1119 2596 sex
1143 2535 1257 2597 marcis
1282 2534 1489 2596 denariorum

227 2658 258 2706 et
281 2644 405 2705 duabus
428 2644 535 2726 pensis
566 2643 692 2704 debitor
723 2639 828 2720 luerit,
860 2641 1026 2703 evidenter
1059 2641 1292 2724 comprobavit,
1321 2639 1395 2702 ideo
1422 2641 1490 2723 ipse

227 2751 316 2812 Hans
340 2750 476 2812 eandem
501 2749 671 2831 pecuniam
696 2767 797 2830 usque
822 2746 1002 2829 quindenas
1033 2748 1157 2824 solvet3
1181 2747 1248 2829 ipse
1271 2760 1378 2810 autem
1402 2747 1492 2808 Hans

228 2856 346 2918 dictam
370 2876 496 2917 causam
523 2854 562 2915 ad
587 2854 738 2935 antiquos
761 2853 882 2934 judices
905 2854 1088 2935 appellavit.
1495 2848 1498 2855 ’

333 2962 410 3023 Item
435 2981 528 3022 causa
546 2961 715 3022 Laurencii
733 2959 871 3021 condam
888 2957 1003 3040 judicis
1028 2972 1138 3021 contra
1158 2959 1311 3020 Mathiam
1337 2972 1491 3022 sartorem

227 3068 266 3129 ad
292 3080 440 3128 octavum
465 3066 549 3127 diem
576 3079 622 3127 est
645 3079 826 3147 prorogata.

335 3173 413 3234 Item
443 3171 605 3234 Iohannes
629 3186 660 3234 et
684 3171 807 3254 Symon
833 3170 1066 3250 Theutunichi,
1098 3171 1234 3252 quilibet
1257 3190 1370 3233 eorum
1393 3173 1492 3233 tercio

227 3300 260 3341 se
285 3292 398 3341 octavo
424 3278 475 3339 die
499 3298 594 3360 super
618 3296 657 3339 eo
681 3276 808 3358 jurabit,
825 3277 914 3359 quod
938 3277 997 3359 ipsi
1022 3277 1054 3338 ln
1079 3277 1301 3340 subtraccione
1325 3277 1492 3339 cuiusdam

226 3385 300 3446 libri
326 3397 356 3445 et
380 3384 464 3445 croci
488 3385 676 3446 innocentes
698 3396 782 3446 sunt.

333 3491 411 3552 Item
436 3489 610 3552 KatherIna
635 3489 752 3551 mulier
779 3502 893 3551 octavo
927 3489 979 3550 die
1002 3508 1059 3571 per
1091 3501 1272 3551 consortem
1298 3488 1379 3572 Elye
1403 3489 1492 3570 parvi

227 3611 258 3659 et
282 3596 489 3683 Katherinam
514 3610 696 3658 consortem
722 3594 875 3677 Stephani
899 3595 960 3657 hoc
977 3595 1136 3674 atestabit‚
1162 3594 1249 3677 quod
1274 3596 1413 3658 Iacobus
1436 3616 1492 3677 pa·

227 3705 306 3765 lium
330 3723 424 3765 suurn
449 3703 487 3763 ad
515 3702 628 3764 eadem
652 3702 832 3784 recepisset.

334 3809 411 3871 Item
438 3810 595 3870 Martinus
618 3809 835 3890 carpentarius
862 3821 972 3870 contra
998 3808 1083 3869 Iwan
1114 3807 1257 3870 secundo
1291 3808 1404 3870 citatus
1427 3827 1492 3870 non

231 3916 421 3996 comparuit.

334 4020 411 4081 Item
436 4020 584 4081 Vrbanus
619 4020 706 4082 solus
737 4033 852 4082 octavo
884 4020 936 4082 die
967 4039 1063 4102 super
1087 4040 1126 4082 eo
1151 4019 1278 4100 jurabit,
1314 4018 1401 4100 quod
1427 4020 1492 4101 ipse

228 4126 389 4206 quandam
427 4126 628 4187 solucionem
663 4126 805 4209 plenarie
838 4146 903 4189 non
939 4125 1111 4205 habuisset,
1144 4141 1175 4187 et
1206 4127 1253 4188 sui
1291 4125 1493 4187 fideiussores

230 4230 330 4312 ipsam
356 4232 556 4293 solucIonem
581 4230 685 4294 lacere
709 4231 884 4294 debebunt.

337 4336 415 4399 Item
444 4336 528 4397 lwan
554 4336 639 4398 lilius
664 4337 809 4400 Cernech
837 4351 951 4401 octavo
976 4339 1027 4399 die
1060 4338 1255 4400 duodecImo
1280 4358 1311 4398 se
1336 4357 1430 4417 super
1454 4356 1493 4399 eo

229 4440 356 4523 jurabit,
381 4442 469 4523 quod
496 4443 562 4524 ipse
586 4443 749 4524 quendam
774 4445 890 4506 bovem
916 4444 1137 4526 potencialiter
1161 4462 1227 4504 non
1249 4444 1429 4514 recepisset.

336 4548 413 4609 Item
438 4548 526 4630 quod
549 4550 625 4630 quia
654 4550 796 4612 Briccius
828 4551 959 4631 jobagio
991 4549 1130 4611 liliorum
1155 4549 1234 4610 Wlk
1265 4548 1321 4610 lilii
1347 4549 1494 4611 Matheus

229 4667 261 4715 et
285 4654 410 4716 Iwanek
435 4654 565 4736 jobagio
590 4656 745 4717 Iohannis
769 4655 825 4718 lilii
851 4655 1005 4718 Iohannis
1040 4656 1071 4717 ln
1104 4654 1187 4717 facto
1212 4655 1377 4717 culusdam
1403 4656 1494 4717 surti-

230 4760 307 4821 cioii
333 4779 431 4841 quarn
455 4761 561 4841 sepius
587 4762 626 4823 ad
652 4761 809 4842 justiciam
832 4762 997 4844 pervenire
1030 4761 1184 4824 debentes
1215 4780 1281 4823 nou
1305 4779 1493 4842 comparue-
