3472 5234
341 519 419 581 Item
445 516 552 579 Mathe
579 517 740 598 quendam
766 516 918 596 (h)ortum
944 517 1025 577 circa
1051 516 1216 577 ecclesiam
1242 530 1348 578 sancte
1376 519 1498 598 Marga-

236 627 324 689 rethe
350 624 483 705 virginis
518 642 620 704 usque
652 636 800 684 octavum
833 622 919 683 diem
943 623 1046 703 sepire
1078 622 1173 682 debet
1205 621 1349 699 indilate,
1373 623 1427 705 qui
1453 636 1499 685 est

234 731 378 812 magistri
404 730 536 811 Georgii
561 728 691 791 sartoris
716 741 747 790 et
772 728 918 808 Gregorii
953 728 1174 810 proximorum
1206 727 1343 788 condam
1369 728 1497 790 Martini

236 839 365 900 Katiu0.

340 943 418 1004 Item
451 941 583 1003 domina
607 940 716 1001 relicta
749 939 927 1001 sabastiani
961 936 1039 999 feria
1063 939 1159 1000 tercia
1189 938 1336 1000 atestabit
1364 939 1492 999 racione

235 1048 403 1111 cuiusdam
426 1047 576 1108 stacionis
599 1065 656 1128 per
680 1045 813 1106 Luciam
837 1044 979 1105 relictam
998 1043 1115 1124 Egidii,
1141 1062 1273 1105 uxorem
1298 1044 1409 1105 iacobi
1427 1043 1494 1131 pel-

233 1153 327 1217 lificis
350 1168 382 1215 et
404 1172 539 1214 uxorem
564 1150 716 1233 Stephani
742 1148 833 1214 iabri.

340 1260 419 1322 Item
443 1278 537 1319 causa
562 1258 687 1319 Nicolai
711 1257 875 1318 castellani
908 1269 939 1317 et
970 1254 1145 1337 Mychaelis
1168 1255 1326 1337 Damyani
1359 1258 1407 1316 est'
1437 1275 1493 1336 per

234 1379 330 1430 testes
353 1365 392 1427 ad
417 1363 529 1426 feriam
553 1363 684 1425 terciam
710 1376 833 1443 recepta
857 1361 897 1422 ad
922 1381 1045 1443 pacem.

342 1470 420 1532 Item
446 1471 583 1531 Jacobus
606 1481 695 1531 sutor
712 1468 876 1530 Demetrio
901 1466 991 1529 fabro
1017 1468 1048 1529 in
1064 1466 1237 1549 quindenis
1260 1480 1323 1529 tres
1339 1467 1408 1529 flor.
1428 1469 1496 1529 auri

235 1590 266 1639 et
292 1595 389 1638 unam
413 1595 545 1658 pensam
569 1574 774 1636 denariorum
799 1573 951 1636 exsolvet.

340 1701 434 1777 Nota,
459 1698 546 1780 quod
571 1717 627 1780 per
651 1697 800 1778 judicem,
824 1697 944 1777 juratos
968 1710 998 1759 et
1023 1696 1204 1757 universam
1229 1698 1494 1760 communitatem

234 1806 357 1869 editum
381 1804 498 1866 exstitit
522 1818 552 1865 et
575 1816 739 1881 statutum,
775 1803 850 1884 quia
872 1802 978 1882 Herga
1002 1802 1193 1884 inquillinus
1225 1816 1330 1864 nostre
1355 1805 1492 1866 civitatis

234 1932 290 1973 seu
314 1910 473 1972 habitator
497 1909 597 1970 multa
621 1907 703 1970 furta
728 1923 759 1971 et
783 1908 843 1969 alia
868 1908 978 1969 illicita
1010 1908 1042 1969 in
1068 1921 1174 1969 nostra
1198 1909 1340 1989 predicta
1365 1911 1491 1972 civitate

234 2029 456 2100 perpetrasset,
481 2035 540 2076 nec
562 2035 595 2077 se
620 2014 790 2076 emendare
815 2014 979 2092 voluisset,
1003 2034 1088 2075 nunc
1106 2027 1213 2075 autem
1239 2015 1362 2076 Mareas
1385 2029 1494 2077 nostro

235 2122 358 2184 concivi
383 2122 535 2183 stramina
560 2122 591 2182 in
617 2121 741 2203 (h)oreo
766 2121 798 2181 in
822 2139 937 2200 magna
969 2120 1145 2201 quantitate
1170 2121 1374 2184 subtraxisset
1399 2137 1429 2183 et
1454 2121 1494 2183 de

236 2241 342 2289 nostre
379 2228 513 2289 civitatis
548 2226 750 2289 habitacione
785 2225 982 2287 clandestine
1025 2225 1204 2307 affugisset,
1238 2241 1273 2288 ut
1308 2227 1492 2309 ubicunque

236 2334 386 2416 deinceps
410 2333 619 2415 reprehensus
643 2331 738 2396 fuerit
762 2335 881 2414 absque
906 2333 995 2393 omni
1013 2332 1133 2413 judicio
1156 2333 1301 2414 patibulo
1326 2333 1406 2394 tradi
1432 2353 1497 2395 me·

235 2454 340 2501 reatur
363 2453 394 2501 et
417 2439 578 2521 suspendi.

341 2546 418 2608 item
452 2565 546 2607 causa
579 2544 687 2607 Sibich
720 2558 751 2607 et
782 2545 959 2607 Clementis
990 2559 1135 2606 sutorum
1159 2558 1206 2607 est
1236 2565 1292 2627 per
1324 2545 1498 2608 dominum

236 2652 420 2730 Micusium,
445 2652 588 2713 Francha
612 2649 810 2712 aurifabrum
834 2666 866 2713 et
889 2652 1056 2713 Marenum
1081 2665 1206 2733 recepta
1230 2652 1270 2712 ad
1294 2671 1419 2734 pacem.

341 2758 418 2819 Item
444 2778 538 2819 causa
570 2757 724 2819 iohannis
748 2757 910 2818 Chemerii
942 2770 973 2818 et
998 2755 1145 2837 Gregorii
1177 2771 1224 2819 est
1255 2777 1310 2840 per
1334 2771 1428 2820 testes
1453 2759 1493 2820 ad

236 2863 376 2945 primum
400 2863 556 2943 judicium
581 2878 706 2943 recepta
730 2862 769 2923 ad
794 2882 916 2943 pacem.

342 2969 419 3029 Item
444 2988 538 3029 causa
562 2967 716 3028 iohannis
741 2967 838 3029 Vasas
863 2983 893 3029 et
924 2970 1051 3050 parlerii
1077 2983 1123 3031 est
1153 2990 1208 3051 per
1233 2971 1389 3031 Jacobum
1415 2971 1495 3033 Bole

236 3089 266 3134 et
291 3074 482 3135 Mauricium
506 3073 546 3133 ad
570 3071 681 3133 feriam
705 3074 834 3134 terciam
860 3089 985 3155 recepta
1010 3075 1050 3136 ad
1073 3095 1196 3157 pacem.

235 3326 379 3397 Sabbata
408 3328 657 3413 proximante
684 3327 808 3398 festum
828 3327 1061 3401 conversionis
1087 3333 1195 3402 sancti
1227 3330 1322 3402 Pauli
1343 3332 1498 3420 apostoli.

236 3499 325 3558 Actus
348 3504 376 3556 et
400 3499 577 3571 adjudicacio
600 3501 782 3572 antiquorum
802 3503 927 3573 judicum
952 3504 979 3559 in
996 3503 1072 3560 iacto
1089 3504 1176 3560 Marci
1201 3502 1248 3561 filii
1268 3505 1409 3562 Chernech
1432 3507 1500 3563 dicti

235 3606 327 3663 Putan
351 3610 451 3663 contra
475 3607 645 3676 magistrum
663 3607 779 3663 Paulum
803 3611 934 3665 nostrum
950 3610 1095 3666 concivem
1118 3612 1235 3668 racione
1253 3612 1401 3675 cuiusdam
1418 3612 1500 3669 vinee

587 3713 739 3770 innostro
763 3715 913 3772 territorio
936 3719 1022 3788 prout
1046 3715 1137 3773 inira:

341 3901 441 3964 Nota!
467 3904 554 3984 quod
580 3904 654 3986 quia
688 3905 813 3966 Marcus
845 3904 929 3966 filius
954 3903 1122 3967 Chernech
1146 3905 1222 3967 dicti
1257 3907 1362 3968 Putan
1398 3908 1499 3987 magi-

235 4023 336 4070 strum
362 4009 498 4070 Paulum
523 4025 667 4071 nostrum
700 4012 860 4072 notarium
892 4024 923 4073 et
947 4012 1113 4072 concivem
1145 4012 1274 4074 racione
1299 4026 1330 4074 et
1355 4026 1498 4094 pretextu

237 4114 403 4175 cuiusdam
427 4115 519 4176 vinee
545 4116 576 4177 in
591 4129 699 4178 nostro
722 4117 881 4178 territorio
899 4115 1017 4195 habite,
1042 4119 1134 4178 vinee
1152 4119 1251 4199 ipsius
1276 4121 1374 4180 Marci
1393 4120 1498 4182 vicine

236 4234 266 4280 et
289 4219 395 4299 juncte
415 4240 432 4281 a
449 4241 554 4302 super,
572 4221 654 4283 infra
680 4242 735 4304 per
752 4222 904 4284 fossatum
922 4223 1175 4285 translicularem
1192 4239 1379 4306 protensam
1397 4245 1498 4307 usque

236 4327 547 4388 commetaneitatem
573 4328 709 4389 condam
735 4329 858 4390 Nicoiai
884 4328 940 4390 filii
965 4329 1108 4408 Jurizlai,
1134 4331 1193 4412 ipsi
1218 4333 1372 4411 magistro
1397 4332 1498 4393 Paulo

235 4449 292 4510 per
314 4432 430 4493 avitam
455 4452 545 4493 suam
569 4452 711 4510 uxorem,
752 4433 851 4495 filiam
880 4435 978 4515 ipsius
1006 4434 1173 4497 Chernech
1204 4437 1280 4498 dicti
1299 4438 1400 4499 Putan
1426 4438 1497 4500 date

236 4548 266 4596 et
290 4538 467 4620 conscripte
492 4553 523 4600 et
547 4539 678 4601 demum
699 4540 960 4602 testamentaliter
989 4542 1104 4622 legate,
1129 4543 1161 4604 in
1194 4545 1359 4626 presencia
1384 4544 1498 4624 judicis

236 4638 354 4704 Donati
380 4656 411 4706 et
434 4643 609 4725 juratorum
642 4664 769 4707 causam
795 4647 957 4709 atraxisset
979 4661 1011 4709 et
1043 4648 1073 4709 in
1104 4649 1160 4711 lite
1184 4650 1271 4711 idem
1296 4649 1391 4729 judex
1424 4669 1497 4712 cum

236 4746 302 4808 suis
325 4748 494 4812 antedictis
516 4751 728 4813 assessoribus
758 4752 859 4834 ipsam
892 4752 1018 4815 vineam
1049 4754 1149 4836 ipsius
1180 4757 1279 4818 Marci
1302 4757 1399 4819 simul
1422 4776 1496 4819 cum
