3472 5234
630 386 716 441 Anno
738 395 825 461 1377.
850 418 892 427 —
915 399 946 462 4.
975 386 1134 447 decembris.
1458 410 1516 471 109

358 593 436 655 Item
462 593 586 681 Gyuan·
603 608 718 657 octavo
743 594 794 656 die
818 594 906 656 solus
923 594 1042 676 jurabit
1058 611 1167 659 contra
1194 596 1394 659 Anthonium
1412 599 1515 661 Reniz

251 718 420 781 supereo,
445 700 533 781 quod
567 700 652 763 idem
686 701 869 763 Anthonius
900 701 959 762 sibi
992 715 1066 764 octo
1090 702 1159 764 flor.
1191 723 1249 785 pro
1282 704 1385 786 peplis
1406 704 1514 766 eundo

250 804 399 885 dedisset,
424 819 456 868 et
471 807 539 889 ipsa
562 807 657 890 pepla
682 807 713 868 in
738 827 797 890 vya
823 805 957 869 luissent
972 807 1143 886 derobata;
1168 809 1235 891 ipse
1259 823 1368 872 autem
1392 811 1514 873 Antho-

252 911 325 973 nius
349 912 450 994 ipsam
475 932 602 974 causam
628 912 668 974 ad
692 913 843 994 antiquos
866 911 987 993 judices
1011 915 1196 996 appellavit.

357 1037 436 1099 Item
460 1037 617 1098 Martinus
641 1035 811 1118 Zequirich
835 1036 971 1099 Nicolao
995 1037 1077 1100 ruffo
1110 1039 1189 1101 duas
1213 1059 1335 1102 marcas
1359 1055 1390 1104 et
1413 1040 1511 1123 judici

249 1141 391 1204 mediam
416 1143 448 1204 in
473 1142 645 1224 quindenis
669 1142 832 1204 exsolvere
857 1142 962 1205 debet.

354 1266 431 1327 ltem
454 1267 604 1328 Marenus
627 1280 742 1328 octavo
767 1266 818 1328 die
835 1287 890 1349 per
908 1268 1084 1350 Symonem
1108 1269 1297 1332 sallivenam
1322 1285 1354 1334 et
1378 1292 1511 1335 uxorem

246 1370 343 1433 Blasii
358 1372 547 1455 Mykoulieh
570 1373 805 1454 comprobabit,
822 1373 911 1455 quod
937 1374 1040 1456 ipsum
1058 1376 1210 1437 Nicolaus
1234 1378 1450 1460 carpentarius
1474 1379 1506 1441 in

246 1497 345 1541 manu
369 1478 585 1541 vulneraverit
608 1493 639 1541 et
664 1480 749 1540 lwan
774 1481 997 1543 verberaverit.

352 1583 431 1646 ltem
457 1583 632 1666 Gregorius
650 1583 794 1647 Pundich
816 1600 924 1648 contra
943 1585 1113 1649 dominum
1138 1587 1302 1651 Donatum
1327 1602 1442 1653 octavo
1459 1590 1512 1653 die

247 1690 465 1774 respondebit.

288 1923 384 2000 Ferla
411 1935 510 2000 sexta
536 1932 691 2019 proxima
719 1938 797 2003 ante
824 1931 948 2003 festum
975 1931 1066 2003 beati
1096 1932 1224 2005 Nicolai
1252 1933 1468 2006 contessoris.

757 2103 800 2181 (4.
820 2100 996 2180 decembris).
1098 2146 1101 2151 -

351 2260 428 2321 ltenr
455 2258 608 2343 Gyurgek
626 2273 735 2321 contra
753 2260 933 2322 Johannem
951 2261 1092 2323 secundo
1110 2262 1222 2324 citatus
1239 2282 1303 2325 non
1318 2263 1509 2346 comparuit.

349 2365 428 2428 ltem
453 2386 546 2428 causa
572 2366 706 2428 Janslini
731 2379 761 2427 et
786 2365 904 2428 Genini
937 2366 1029 2448 jurati
1055 2381 1102 2430 est
1126 2389 1182 2450 per
1206 2367 1344 2431 Mathias
1367 2370 1509 2452 orosnylr

242 2469 282 2532 ad
308 2485 382 2532 octo
406 2471 475 2533 dies
499 2486 625 2555 recepta
650 2472 689 2534 acl
714 2492 836 2554 pacem.

349 2576 427 2638 ltem
452 2578 599 2639 Thomas
622 2590 732 2640 contra
757 2579 842 2660 Span
871 2578 977 2661 primo
1001 2579 1114 2641 citatus
1139 2599 1203 2641 non
1229 2580 1420 2663 comparuit.

348 2701 427 2763 ltem
454 2722 548 2764 causa
573 2701 714 2764 Ladislai
738 2715 769 2762 et
789 2702 943 2764 Johannis
960 2702 1075 2764 literati
1101 2717 1148 2765 est
1171 2724 1227 2786 per
1244 2704 1416 2767 Nicolaum
1441 2709 1508 2767 An·

239 2807 304 2888 geli
330 2819 361 2869 et
385 2807 565 2869 iohannem
590 2807 749 2869 decanum
773 2807 812 2869 ad
838 2822 911 2870 octo
936 2808 1004 2871 dies
1027 2823 1153 2891 recepta
1178 2809 1218 2871 ad
1243 2829 1367 2892 pacem.

348 2913 427 2976 ltem
457 2915 543 2976 lwan
576 2914 739 2976 Huzareni
771 2928 881 2977 contra
912 2915 1085 2978 Nicolaum
1116 2914 1219 2977 filium
1251 2916 1377 2979 Nicolai
1400 2917 1507 3000 primo

240 3021 354 3083 citatus
379 3040 444 3083 non
469 3021 658 3104 comparuit.

346 3129 424 3191 ltem
447 3148 540 3190 causa
565 3129 656 3190 Pauli
674 3128 832 3212 Chaplich
850 3141 881 3191 et
902 3128 1038 3212 Mylrech
1055 3128 1113 3190 filii
1132 3129 1260 3192 Martini
1284 3142 1331 3191 est
1353 3149 1410 3212 per
1427 3129 1506 3192 Dra·

239 3235 391 3318 gozlaum
416 3235 456 3296 ad
481 3249 554 3297 octo
578 3235 646 3297 dies
671 3250 795 3318 recepta
820 3236 859 3297 ad
883 3256 1006 3319 pacem.

347 3341 426 3404 ltent
451 3340 611 3423 Georgius
635 3341 675 3402 de
700 3340 852 3403 Miculich
885 3355 994 3404 contra
1019 3342 1162 3404 relictam
1195 3342 1365 3406 Gileuiche
1390 3357 1506 3406 octavo

239 3448 292 3510 die
316 3447 534 3532 respondebit.

345 3556 423 3617 ltent
454 3573 548 3616 causa
581 3552 713 3615 fratrum
746 3554 986 3617 Predicatorum
1019 3568 1050 3618 et
1082 3554 1238 3617 Johannis
1270 3555 1434 3619 Chemerii
1458 3568 1507 3618 est

238 3680 294 3743 per
317 3659 504 3742 judicesad
528 3674 601 3722 octo
626 3659 693 3721 dies
718 3673 898 3742 prorogata.

344 3767 422 3829 ltem
447 3766 609 3828 Janslinus
633 3778 664 3827 et
688 3765 832 3828 Francha
863 3787 992 3829 causam
1024 3768 1106 3829 inter
1132 3768 1253 3830 Lucam
1277 3783 1308 3830 et
1333 3769 1420 3851 Span
1445 3769 1501 3832 ha·

237 3873 349 3952 bitam,
372 3886 538 3954 tamquam
563 3885 657 3935 testes
681 3872 721 3934 ad
745 3887 818 3935 octo
843 3873 912 3935 dies
935 3887 1123 3956 receperunt
1146 3874 1186 3935 acl
1211 3894 1335 3956 pacem.

236 4103 412 4167 sacerdotis
436 4103 475 4166 de
493 4102 669 4185 Oporouch
695 4102 830 4165 literalia
854 4103 1065 4166 instrumenta
1082 4118 1196 4166 octavo
1220 4104 1284 4183 die,
1307 4105 1334 4166 si
1358 4124 1422 4187 qua
1446 4104 1501 4167 ha-

236 4210 352 4288 buerit,
377 4209 545 4291 producet.

341 4316 419 4378 ltem
444 4335 537 4377 causa
563 4315 741 4377 Clementis
769 4329 800 4377 et
817 4314 965 4397 Gregorii
983 4317 1128 4379 Pundich
1152 4330 1199 4379 est
1222 4336 1278 4399 per
1303 4317 1496 4399 Dyonisium

235 4435 267 4485 et
290 4423 465 4485 Martinum
490 4421 530 4484 ad
555 4435 628 4483 octo
652 4422 721 4483 dies
744 4435 870 4502 recepta
894 4421 933 4483 ad
958 4442 1081 4505 pacem.

341 4528 419 4590 ltem
445 4526 590 4589 Francha
614 4541 722 4589 contra
748 4525 919 4587 Nicolaum
936 4527 1044 4590 culum
1069 4527 1146 4590 feria
1167 4528 1263 4590 tercia
1280 4525 1499 4610 respondebit.

341 4634 420 4696 ltem
445 4634 530 4695 lwan
547 4635 617 4695 Noz
643 4648 752 4694 contra
770 4630 964 4713 Gregorium
981 4633 1087 4716 primo
1104 4633 1217 4695 citatus
1234 4652 1298 4695 non
1309 4633 1500 4715 comparuit.

341 4739 419 4801 ltem
445 4739 620 4822 Dyonisius
643 4753 732 4800 sutor
756 4751 866 4800 contra
883 4736 1078 4821 Gregorium
1102 4760 1213 4802 voscar
1237 4752 1351 4802 octavo
1375 4738 1428 4801 die
1452 4757 1501 4801 re·

233 4845 418 4929 spondebit.
