3472 5234
616 348 702 404 Anno
724 342 815 422 1378.
839 380 883 389 -
906 360 957 420 27.
982 348 1096 419 aprilis.
1438 365 1495 426 123

340 557 418 619 ltem
442 575 536 617 causa
560 555 700 640 Philippi
732 569 763 618 et
792 555 945 639 Gyurgek
978 570 1024 617 est
1047 575 1103 638 per
1135 556 1316 619 lohannem
1340 556 1496 618 Hermani

233 664 273 726 ad
299 677 374 725 octo
398 662 467 723 dies
490 675 616 742 recepta
641 661 681 722 ad
706 681 827 741 pacem.

340 770 417 830 Item
443 767 624 850 Stephanus
648 780 758 828 contra
782 768 925 829 Blasium
950 768 1055 850 primo
1079 768 1193 830 citatus
1216 786 1281 829 non
1306 766 1496 848 comparuit.

341 874 418 937 ltem
445 872 605 954 Georgius
630 885 739 932 contra
764 870 867 933 Cursa
896 873 1188 935 molendinatorem
1220 871 1298 933 feria
1322 886 1409 934 sexta
1432 883 1497 932 ate·

235 981 330 1044 stabit
353 1000 409 1063 per
434 979 604 1040 Nicolaum
638 977 820 1059 Hlebopek‚
853 976 960 1039 Mathe
992 993 1133 1041 sutorem
1166 991 1197 1040 et
1221 979 1341 1040 Lucam
1366 996 1498 1060 arcupa·

232 1088 315 1149 rium
343 1104 513 1167 supereo,
538 1085 626 1165 quod
651 1083 756 1165 ipsum
781 1084 886 1145 verbis
913 1083 1061 1165 turpibus
1083 1084 1248 1146 affecisset.

341 1191 442 1254 Nota!
468 1191 556 1272 quod
581 1190 657 1271 quia
681 1188 818 1251 Matthias
847 1189 1073 1271 stipendiarius
1090 1187 1242 1272 Gyurgek
1268 1190 1497 1273 calcariparum

234 1298 363 1360 racione
395 1296 576 1358 testamenti
609 1294 739 1356 Paulisii
771 1293 908 1356 condam
939 1294 1039 1356 nostri
1064 1294 1204 1356 concivis
1236 1296 1268 1356 in
1299 1294 1497 1378 presenciam

236 1403 362 1465 Nicolai
388 1402 604 1464 archidiaconi
630 1385 757 1462 causam
775 1400 961 1479 attraxisset,
984 1401 1116 1462 tandem
1132 1399 1171 1461 ad
1196 1399 1347 1461 ultimum
1365 1413 1495 1483 propter

235 1512 358 1572 bonum
383 1508 470 1591 pacis
504 1509 589 1569 idem
616 1509 717 1568 Maras
741 1507 846 1588 ipsum
878 1505 1031 1597 Gyurgek
1060 1507 1200 1568 reddidit
1232 1506 1416 1588 expeditum
1441 1506 1497 1568 tali

234 1617 345 1694 modo,
370 1616 458 1696 quod
475 1629 645 1697 postquam
673 1613 811 1696 privigni
840 1613 940 1695 ipsius
964 1611 1115 1696 Gyurgek
1144 1613 1184 1674 ad
1209 1626 1326 1675 etatem
1350 1627 1494 1676 teneram

235 1723 439 1805 pervenerint
462 1721 597 1784 liberam
625 1720 790 1782 habebunt
815 1720 920 1802 ipsum
953 1733 1179 1782 testamentum
1211 1719 1427 1801 prosequendi
1452 1716 1498 1779 la·

234 1828 397 1890 cultatem.

341 1934 419 1994 ltem
451 1933 527 1994 luan
561 1932 727 1994 Korosech
758 1945 867 1994 contra
904 1932 1105 2016 Mychaelem
1142 1932 1246 2015 primo
1278 1932 1391 1993 citatus
1430 1950 1496 1992 non

234 2039 423 2121 comparuit.

339 2144 416 2207 ltem
454 2146 566 2205 Marko
601 2159 632 2206 et
668 2143 776 2205 Mathe
813 2162 886 2205 cum
918 2144 1013 2205 sociis
1048 2145 1191 2227 ipsorum
1223 2157 1333 2206 contra
1366 2144 1496 2206 Petrum

233 2250 415 2331 Pra(u)dich
432 2263 546 2312 octavo
571 2249 623 2311 die
639 2249 789 2331 jurabunt
806 2250 838 2310 in
856 2269 905 2328 eo,
930 2249 1018 2330 quod
1041 2250 1100 2333 ipsi
1125 2269 1215 2312 suam
1232 2249 1404 2311 clamidem
1428 2268 1494 2310 non

234 2355 435 2437 recepissent,
468 2355 605 2436 quilibet
635 2356 751 2417 tercius
782 2369 857 2433 met,
882 2369 913 2417 et
944 2356 1075 2436 prestito
1107 2355 1287 2436 juramento
1311 2374 1402 2417 suam
1434 2354 1498 2415 cla-

234 2461 354 2523 midem
380 2462 583 2544 persolvent;
607 2462 663 2521 sed
695 2474 801 2521 tamen
834 2461 919 2521 idem
955 2461 1068 2523 Petrus
1098 2461 1216 2542 jurabit
1240 2475 1397 2542 quantum
1430 2460 1498 2543 ipsa

234 2567 345 2629 clamis
369 2568 530 2629 valuisset.

341 2674 419 2735 ltem
445 2673 581 2734 Mathias
605 2685 718 2735 octavo
751 2673 802 2734 die
827 2673 943 2753 jurabit
972 2692 1068 2755 super
1092 2692 1142 2751 e0,
1174 2673 1263 2754 quod
1287 2673 1412 2734 Blasius
1436 2672 1497 2734 sibi

235 2781 361 2842 nullum
386 2780 506 2842 librum
531 2779 670 2840 dedisset
694 2799 752 2841 nec
777 2780 968 2860 assignasset
991 2778 1031 2841 ad
1056 2779 1323 2842 conservandum.

342 2885 420 2946 ltem
447 2885 535 2946 Luca
559 2883 700 2947 carnifex
724 2899 838 2947 octavo
863 2885 914 2946 die
939 2884 1057 2964 jurabit
1079 2905 1111 2946 se
1135 2885 1252 2946 tercius
1276 2885 1308 2946 in
1333 2903 1383 2961 eo,
1408 2883 1498 2965 quod

235 2989 311 3052 luan
337 2990 464 3052 nullum
489 2990 616 3052 milium
639 2991 680 3052 ad
698 2992 831 3052 domum
857 2992 993 3052 barberii
1011 2991 1216 3053 conduxisset
1232 3010 1290 3052 nec
1307 2990 1393 3053 idem
1411 2991 1498 3051 Luca

234 3116 328 3158 suum
354 3096 480 3157 milium
505 3096 684 3178 recepisset.

341 3202 420 3265 ltem
453 3202 614 3263 lohannes
646 3215 755 3264 contra
787 3202 966 3284 Georgium
998 3222 1055 3284 per
1082 3204 1212 3265 Petrum
1245 3203 1354 3265 Kurch
1379 3217 1410 3264 et
1433 3203 1498 3264 Res

234 3309 382 3370 atestabit
406 3308 494 3390 quod
519 3309 624 3391 ipsum
649 3309 735 3371 idem
761 3308 922 3390 Georgius
946 3308 1124 3372 interficere
1148 3310 1312 3373 voluisset.

340 3414 418 3476 Item
442 3414 633 3475 Valentinus
656 3434 689 3475 se
706 3415 841 3476 omnino
862 3435 879 3475 a
898 3415 1009 3476 Marko
1035 3413 1156 3477 Gemez
1174 3416 1346 3498 expedivit,
1364 3429 1395 3477 et
1411 3415 1497 3478 idem

236 3521 325 3582 Mark
350 3534 396 3581 est
419 3520 517 3601 judici
542 3521 706 3582 convictus
731 3521 763 3582 in
789 3520 827 3581 lll
855 3521 962 3603 pensis
986 3521 1202 3584 denariorum.

341 3626 420 3687 Item
457 3624 617 3707 Georgius
648 3627 777 3689 Zirotke
809 3641 919 3688 contra
951 3626 1115 3709 Philipum
1146 3628 1252 3709 primo
1287 3629 1401 3691 citatus
1432 3649 1497 3691 non

235 3732 425 3815 comparuit.

342 3838 420 3900 ltem
445 3837 607 3901 lohannes
630 3839 777 3900 atestabit
798 3853 912 3901 octavo
936 3839 987 3901 die
1011 3860 1067 3922 per
1084 3839 1161 3900 luan
1187 3839 1325 3902 Plauech
1350 3853 1381 3901 et
1404 3859 1498 3901 suum

235 3944 418 4026 privignum
444 3944 533 4025 quod
557 3945 661 4028 ipsum
688 3943 848 4027 Georgius
873 3946 1109 4028 vituperaverit.

342 4050 418 4111 Item
437 4050 637 4131 Margaretha
655 4051 770 4112 mulier
787 4064 897 4113 contra
914 4052 1083 4114 Marenum
1100 4051 1140 4113 ad
1158 4051 1345 4113 mandatum
1364 4050 1497 4132 Georgii

235 4157 400 4218 assessoris
423 4155 543 4237 judicio
568 4177 633 4218 non
658 4159 846 4239 comparuit.

340 4259 417 4323 ltem
442 4262 537 4342 judex
562 4261 639 4324 feria
656 4278 742 4324 sexta
763 4282 819 4344 per
836 4262 1006 4324 Nicolaum
1024 4262 1237 4325 Zrebernicha
1263 4277 1294 4323 et
1310 4261 1498 4323 Pertoldum

235 4382 345 4429 contra
378 4367 557 4449 Georgium
588 4369 745 4447 atestabit,
777 4369 865 4450 quod
903 4369 968 4452 ipse
1001 4368 1186 4430 asseruisset
1218 4367 1330 4429 falsam
1356 4368 1497 4430 mediam

236 4473 356 4536 eubuli.

294 4607 301 4620 ·
342 4579 419 4641 ltem
445 4579 569 4641 Mareas
593 4593 702 4641 contra
735 4580 839 4641 Eliam
871 4599 1007 4662 parvum
1041 4594 1154 4641 octavo
1187 4580 1238 4642 die
1262 4579 1380 4660 jurabit
1403 4599 1499 4661 super

236 4705 286 4764 eo,
310 4686 399 4766 quod
424 4686 483 4747 sibi
516 4706 575 4768 pro
607 4686 735 4748 duobus
767 4686 912 4748 curribus
943 4684 1007 4748 feni
1040 4686 1169 4748 debitor
1201 4705 1266 4748 non
1298 4685 1489 4763 extiterit‚e

236 4791 323 4852 idem
345 4793 469 4853 Mareas
493 4793 553 4854 sibi
579 4793 691 4855 decem
715 4807 746 4855 et
768 4807 841 4855 octo
865 4792 1015 4854 denarios
1039 4792 1220 4875 persolvere
1245 4792 1351 4856 debet.
