3472 5234
283 362 346 425 290
685 335 889 418 Ann01388.
915 374 955 384 -
980 338 1009 402 6.
1035 337 1148 401 martii.

387 555 465 616 Item
491 553 598 616 Endre
623 567 733 615 contra
757 553 937 615 Iohannem
961 550 1064 613 filium
1089 550 1172 612 Petri
1205 549 1311 633 primo
1343 550 1457 612 citatus
1479 570 1546 613 non

283 661 472 743 comparuit.

387 765 466 827 Item
492 764 637 827 Andreas
667 778 756 826 sutor
788 778 898 826 contra
930 763 1109 826 Iohannem
1141 761 1315 846 pellificem
1347 776 1461 824 octavo
1494 762 1547 824 die

283 871 499 953 respondebit.

388 977 466 1038 Item
495 976 649 1038 Nicolaus
680 976 764 1038 filius
796 977 886 1038 Pauli
920 976 951 1038 in
985 975 1068 1038 facto
1099 975 1315 1038 fideiussionis
1346 988 1456 1038 contra
1481 979 1548 1037 An·

283 1083 391 1144 dream
416 1095 557 1145 sutorem
583 1082 615 1143 in
640 1081 724 1144 facto
748 1082 964 1163 quorumdam
989 1081 1117 1164 frugum
1141 1102 1174 1144 se
1198 1084 1396 1165 expurgavit.

388 1188 467 1250 Item
491 1186 656 1251 Golozlou
680 1201 790 1250 contra
815 1188 944 1251 Petrum
969 1202 1083 1251 octavo
1108 1188 1159 1249 die
1183 1188 1401 1270 respondebit.

390 1295 468 1357 Item
484 1296 634 1356 Marenus
647 1307 757 1357 contra
770 1294 971 1356 Anthonium
984 1294 1126 1357 secundo
1145 1295 1258 1357 citatus
1275 1314 1339 1357 non
1357 1295 1550 1377 comparuit.

386 1402 465 1463 Item
489 1401 639 1463 Vrbanus
662 1414 772 1462 contra
796 1401 997 1462 Anthonium
1016 1400 1250 1483 carpentarium
1268 1401 1410 1464 secundo
1435 1402 1551 1463 citatus

285 1528 351 1571 nou
376 1508 565 1591 comparuit.

389 1614 467 1676 Item
492 1615 577 1675 Iwan
595 1613 753 1676 Wrouich
771 1634 843 1675 cum
869 1614 1000 1675 domina
1025 1634 1081 1675 sua
1098 1627 1244 1675 consorte
1262 1612 1294 1674 ln
1317 1611 1547 1674 verberacione

285 1720 374 1802 quod
407 1721 568 1782 Fabianus
605 1720 748 1782 literatus
788 1721 905 1782 dictam
945 1721 1111 1782 dominam
1144 1721 1339 1781 verberasset
1366 1731 1398 1780 et
1431 1717 1545 1779 vulne·

283 1840 390 1904 rasset,
415 1827 455 1887 ad
479 1826 674 1908 peticionem
706 1829 881 1908 proborum
907 1827 1047 1888 virorum
1080 1826 1186 1887 eidem
1212 1825 1357 1889 Fabiano
1389 1823 1550 1885 relaxave-

283 1948 367 2010 runt,
393 1947 423 1994 et
448 1933 585 2014 quodsi
611 1933 676 2015 ipse
702 1934 863 1995 Fabianus
888 1933 927 1994 de
951 1948 1057 1995 cetero
1089 1933 1153 1994 tale
1184 1933 1234 1993 vel
1262 1931 1338 1993 huic
1368 1930 1472 1992 simile
1503 1931 1551 1991 eis

284 2037 410 2117 faceret,
435 2053 549 2100 extunc
573 2040 726 2120 premissa
751 2039 866 2101 eodem
891 2040 1035 2102 Fabiano
1059 2060 1124 2101 non
1150 2051 1254 2101 essent
1278 2038 1427 2102 relaxata.

390 2145 467 2206 Item
493 2146 668 2225 Agustinus
691 2146 839 2207 sacerdos
856 2159 969 2208 octavo
994 2146 1046 2207 die
1070 2146 1168 2207 tercio
1191 2166 1224 2207 se
1241 2164 1337 2226 super
1354 2163 1393 2205 eo
1417 2142 1547 2225 jurabit,

283 2252 370 2333 quod
396 2252 462 2333 ipse
494 2265 664 2333 postquam
698 2254 832 2313 banatus
863 2252 996 2313 domino
1021 2253 1171 2313 Ladislao
1204 2251 1404 2313 condonatus
1429 2249 1545 2330 fuerat,

283 2358 381 2419 nichil
407 2358 446 2419 de
471 2359 662 2419 victualibus
686 2359 724 2418 de
749 2358 928 2419 castellanis
952 2359 1075 2419 domini
1102 2359 1190 2418 Akus
1214 2358 1288 2418 bani
1313 2356 1470 2417 habuerit.

390 2465 466 2526 Item
485 2462 645 2545 Georgius
661 2465 700 2525 de
719 2465 899 2546 Rakounyk
917 2464 1062 2525 sImiIiter
1078 2465 1176 2524 tercio
1193 2484 1225 2524 se
1242 2476 1356 2525 octavo
1373 2462 1424 2522 die
1452 2481 1549 2545 super

284 2590 322 2631 eo
352 2571 485 2652 jurabit,
517 2572 604 2652 quod
631 2571 696 2652 Ipse
722 2583 893 2652 postquam
925 2572 1059 2632 banatus
1091 2570 1224 2631 domino
1251 2568 1399 2630 Ladislao
1424 2567 1547 2629 condo·

283 2691 376 2739 natus
393 2676 493 2739 fuerat
510 2677 608 2738 nichil
625 2677 664 2738 de
682 2677 873 2739 victualibus
891 2676 929 2737 de
947 2677 1126 2737 castellanis
1144 2676 1266 2737 domini
1279 2677 1366 2736 Akus
1382 2674 1542 2738 habuerit.

388 2783 465 2845 Item
485 2784 568 2845 Iwan
594 2783 750 2845 Wrouich
775 2797 806 2845 et
830 2783 975 2844 Thomas
1000 2782 1215 2864 carpentarius
1239 2782 1374 2864 quilibet
1399 2781 1545 2862 ipsorum

282 2890 438 2969 vigesImo
463 2891 576 2970 quinto
600 2911 633 2951 se
657 2911 752 2971 super
774 2911 812 2950 co
830 2889 990 2970 jurabunt,
1015 2888 1102 2969 quod
1128 2889 1187 2969 ipsi
1207 2889 1238 2949 in
1264 2887 1347 2949 facto
1373 2888 1546 2968 Interemp-

282 2996 384 3056 cionis
408 2996 504 3056 Blasii
529 2997 685 3058 tributarii
713 2997 898 3057 innocentes
914 3009 1015 3055 essent
1040 2995 1167 3076 penitus
1191 3009 1221 3056 et
1240 2995 1409 3073 Immunes,
1434 3006 1466 3054 et
1482 2992 1545 3054 hoc

284 3115 397 3163 octavo
423 3102 484 3162 dic.

389 3208 465 3269 Item
500 3208 640 3297 Briccius
671 3206 755 3267 filius
787 3208 908 3268 Mareni
943 3210 973 3270 in
1008 3208 1078 3270 foro
1107 3209 1137 3268 in
1171 3206 1254 3268 facto
1285 3206 1548 3286 interempcionis

284 3315 379 3375 Blasii
406 3314 563 3374 tributarii
589 3314 743 3393 legittime
768 3314 992 3394 proclamatus,
1018 3315 1056 3376 ad
1086 3314 1243 3395 justiciam
1270 3333 1333 3374 non
1359 3312 1457 3373 venit.

389 3420 466 3481 Item
503 3419 642 3500 quedam
675 3420 766 3479 vInca
806 3439 868 3499 que
902 3420 1017 3481 Demse
1054 3418 1239 3501 prefuisset,
1272 3417 1443 3480 Valentino
1478 3416 1546 3478 filio

285 3526 411 3588 Gerdak
437 3526 522 3604 juxta
547 3538 771 3587 testamentum
797 3526 1061 3606 adjudicavimus.

389 3631 466 3691 Item
492 3631 653 3692 Iohannes
678 3630 826 3713 Grachyn
852 3646 965 3693 octavo
998 3633 1049 3692 dic
1082 3630 1224 3692 secundo
1248 3650 1280 3690 se
1313 3647 1471 3710 supereo
1496 3627 1545 3709 ju·

283 3737 374 3813 rabit,
400 3737 487 3817 quod
513 3737 578 3818 ipse
613 3757 676 3798 non
711 3738 847 3819 propriis
878 3737 1033 3819 frugibus,
1066 3759 1145 3820 quas
1170 3738 1236 3819 ipse
1268 3737 1465 3813 seminasset,
1489 3736 1546 3796 sed

283 3843 322 3903 de
347 3842 417 3903 aliis
441 3841 586 3922 frugibus
610 3842 751 3922 Georgio
777 3845 862 3905 Luce
887 3844 962 3904 dare
986 3846 1182 3925 assignasset.

390 3948 467 4009 Item
493 3968 585 4009 causa
612 3949 783 4029 Dragozlai
801 3949 892 4029 jurati
918 3964 948 4011 et
973 3949 1102 4011 domiue
1121 3948 1277 4010 consortis
1294 3947 1422 4008 Martini
1448 3946 1545 4028 Piper

283 4068 392 4114 contra
425 4054 593 4115 dominum
624 4055 789 4115 custodem
821 4075 921 4136 usque
953 4056 1132 4137 quindenas
1162 4070 1207 4116 est
1239 4066 1419 4135 prorogata,
1455 4050 1544 4133 quod

281 4174 358 4220 tunc
382 4161 449 4220 sine
473 4162 563 4221 omni
587 4161 730 4222 ulteriori
754 4162 986 4242 prorogacione
1012 4160 1167 4240 justiciam
1193 4159 1342 4221 facerent.

389 4267 464 4328 Item
484 4267 672 4328 Dominicus
689 4267 849 4348 penestica
873 4267 1080 4348 prescriptum
1099 4285 1191 4326 suum
1210 4265 1424 4345 juramentum
1445 4265 1546 4327 tercio

284 4391 327 4449 se,
352 4373 440 4453 quod
466 4373 531 4454 ipse
556 4372 653 4434 nichil
673 4373 712 4433 de
737 4373 871 4453 pecunia
889 4372 986 4433 Blasii
1018 4372 1176 4433 tributarii
1201 4371 1371 4448 habuisset,
1397 4370 1547 4452 deposuit

283 4491 317 4538 ut
342 4478 487 4542 debebat.

388 4585 464 4647 Item
490 4586 615 4647 Blasius
646 4600 752 4648 custos
784 4599 898 4647 octavo
930 4584 982 4645 die
1006 4604 1101 4665 super
1125 4604 1164 4645 eo
1198 4582 1331 4663 jurabit,
1364 4581 1452 4663 quod
1478 4582 1546 4665 ipse

282 4690 445 4771 quoddam
463 4690 629 4772 pellicium
645 4691 705 4753 sibi
722 4710 779 4772 per
796 4689 1011 4771 Dragozlaum
1025 4736 1033 4752 .
1048 4737 1055 4752 .
1071 4739 1078 4754 .
1093 4703 1124 4751 et
1148 4689 1305 4770 quasdam
1323 4703 1395 4750 octo
1421 4708 1546 4750 marcas

281 4813 346 4857 non
372 4797 600 4879 assumpsisset.

807 4896 1018 4918 —N4ss—
