3472 5234
261 327 323 390 232
651 305 852 386 Ann01385.
878 341 918 352 -
941 322 991 367 10.
1015 311 1125 368 martii.

366 522 444 582 Item
477 519 612 583 Cosmas
642 519 802 581 aurifaber
834 531 866 581 et
897 537 1006 580 socrus
1036 538 1093 579 sua
1132 532 1241 581 contra
1268 519 1378 581 Ewam
1411 534 1525 584 octavo

261 628 314 690 die
343 627 595 710 respondebunt.

367 735 445 795 Item
471 752 564 794 causa
589 731 700 794 Jacobi
724 742 835 792 contra
859 731 989 793 Petrum
1014 730 1053 792 ad
1078 750 1189 813 pacem
1214 745 1261 794 est
1285 746 1421 815 recepta.

368 841 446 901 item
475 858 569 900 cauea
590 837 736 899 mulieris
760 837 877 899 lwanie
909 850 1019 900 contra
1044 837 1219 916 Thomam,
1253 852 1367 900 octavo
1392 838 1444 901 die
1477 812 1525 901 ie·

262 945 445 1028 spondebit.
473 945 552 1026 (sic).

368 1052 446 1113 Item
474 1070 568 1111 causa
592 1049 677 1110 Iwan
701 1062 811 1110 contra
835 1049 976 1127 Petrum,
1000 1061 1115 1110 octavo
1139 1048 1192 1109 die
1216 1049 1432 1130 respondebit.

369 1158 446 1219 Item
472 1156 560 1217 Elias
583 1170 694 1217 contra
718 1153 849 1216 Mindol
870 1155 974 1237 primo
1002 1155 1116 1216 citatus
1140 1174 1205 1216 non
1230 1156 1420 1238 comparuit.

369 1263 448 1325 Item
473 1262 633 1343 Georgius
656 1261 896 1323 molendinator
912 1274 1022 1323 contra
1047 1259 1226 1322 iohannem
1247 1260 1389 1324 secundo
1414 1261 1528 1323 citatus

263 1390 329 1432 non
353 1368 543 1452 comparuit.

370 1475 448 1537 item
473 1474 599 1535 Blasius
622 1487 727 1535 custos
752 1486 860 1535 contra
885 1472 1020 1534 Paulum
1051 1471 1214 1534 literatum
1238 1472 1381 1534 secundo
1414 1473 1528 1535 citatus

263 1602 329 1645 non
354 1581 545 1663 comparuit.

370 1688 448 1749 Item
475 1687 604 1769 Hauym
627 1698 742 1747 octavo
759 1684 811 1746 die
828 1704 924 1766 super
947 1703 986 1744 eo
1004 1683 1132 1764 jurabit,
1158 1685 1245 1765 quod
1263 1685 1331 1767 ipse
1355 1685 1416 1747 tria
1433 1685 1527 1746 staria

262 1795 337 1855 salis
361 1793 401 1855 ed
427 1792 586 1874 quosdam
610 1793 710 1853 boves
733 1790 914 1852 communis
938 1789 1134 1872 expenderit.

371 1899 449 1961 item
479 1895 644 1961 Dionisius
660 1896 854 1959 Biharuarad
880 1909 994 1957 octavo
1019 1895 1071 1957 die
1103 1915 1261 1978 supereo
1287 1895 1414 1977 jurabit,
1439 1896 1527 1977 quod

263 2007 303 2068 ab
329 2025 368 2067 eo
392 2005 553 2086 quandam
579 2003 692 2065 sellam
716 2017 746 2064 et
769 2001 895 2065 frenum
920 2021 955 2062 ac
979 2021 1032 2063 sex
1056 2021 1171 2084 pensas
1187 2002 1392 2064 denariorum
1416 2021 1524 2084 respo·⁴

264 2111 376 2173 liatum
402 2123 600 2192 receperunt.

461 2308 559 2382 Faria
587 2300 705 2382 sexta*
733 2312 887 2398 proxima
915 2316 991 2399 post
1021 2310 1220 2381 dominicam
1249 2307 1353 2381 Oculi.

790 2467 855 2539 (10.
878 2465 1001 2539 martii).

371 2605 450 2667 item
475 2602 658 2666 Anthonius
682 2616 792 2664 contra
810 2602 986 2684 Georgium
1004 2603 1109 2684 primo
1123 2602 1236 2664 citatus
1253 2622 1318 2665 non
1337 2603 1528 2686 comparuit.

370 2710 447 2772 item
481 2708 645 2772 Corardus
676 2721 766 2771 sutor
797 2722 907 2771 contra
938 2709 1057 2770 Lucam
1090 2708 1252 2770 medicum
1278 2710 1385 2791 primo
1417 2688 1529 2771 citatus

264 2837 330 2879 non
355 2815 544 2899 comparuit.
563 2860 586 2905 ,

368 2920 446 2982 Item
476 2921 656 3003 Stephanus
680 2920 810 3003 sellipar
834 2934 943 2982 contra
968 2921 1139 2982 Nicolaum
1165 2920 1322 2982 decanum
1347 2922 1452 3004 primo
1486 2921 1528 2983 ci·

263 3041 349 3089 tatus
372 3047 438 3088 non
463 3027 652 3109 comparuit.

370 3133 448 3194 Item
474 3131 650 3214 Gregorius
686 3131 865 3195 Chudauch
901 3146 1009 3194 contra
1044 3132 1155 3194 Raden
1188 3133 1292 3215 primo
1318 3133 1431 3195 citatus
1463 3153 1528 3195 non

263 3239 456 3321 comparuit.

371 3345 448 3406 Item
476 3345 641 3406 Emericus
665 3364 798 3426 arcupar
822 3358 931 3406 contra
957 3344 1069 3406 Raden
1094 3345 1199 3427 primo
1222 3346 1334 3406 citatus
1357 3365 1423 3406 nou
1442 3364 1529 3407 com·

267 3450 381 3530 paruit.

369 3556 448 3616 Item
472 3556 555 3616 Rees
578 3570 687 3617 contra
713 3556 894 3639 Myklinum
919 3556 1024 3638 primo
1049 3557 1162 3617 citatus
1186 3576 1251 3617 non
1276 3557 1468 3638 comparuit.

370 3662 449 3723 Item
473 3682 566 3723 causa
592 3663 697 3724 Mikus
720 3663 901 3744 jobagiouis
932 3662 1030 3724 nostri
1062 3683 1097 3724 ac
1122 3664 1213 3724 Luka
1245 3663 1284 3723 de
1308 3662 1393 3744 Vgra
1418 3674 1528 3724 contra

265 3781 392 3830 nostros
415 3767 605 3848 jobagiones
628 3768 667 3828 ad
693 3767 789 3830 aliam
814 3768 925 3830 leriam
947 3782 1066 3829 sextam
1093 3782 1139 3829 est
1162 3783 1345 3851 prorogata,
1370 3767 1458 3848 quod
1476 3766 1530 3830 fiat

264 3871 388 3953 justicia
411 3873 479 3934 sine
504 3874 746 3955 prorogacione.

369 3978 447 4040 Item
479 3979 588 4041 Bartol
614 3993 645 4042 ct
667 3979 843 4063 Gregorius
868 3993 978 4041 contra
1011 3980 1190 4042 Johannem
1221 3981 1383 4042 literatum
1415 3994 1529 4042 octavo

265 4083 316 4144 die
341 4086 591 4167 respondebunt.

374 4191 452 4252 Item
484 4192 644 4256 Wrouich
677 4206 786 4254 contra
818 4193 1019 4255 Anthonium
1051 4193 1212 4254 literatum
1244 4192 1386 4254 secundo
1418 4192 1530 4253 citatus

264 4313 330 4355 non
359 4297 548 4376 comparuit.

372 4401 450 4463 Item
476 4403 602 4465 Mezera
632 4418 742 4465 contra
766 4404 941 4466 Bedicham
966 4405 1071 4486 primo
1103 4404 1216 4465 citatus
1240 4424 1304 4464 non
1339 4404 1528 4485 comparuit.

371 4507 448 4568 ltem
466 4528 559 4570 causa
576 4509 677 4571 Vorih
695 4523 804 4571 contra
822 4510 1007 4592 Philippum
1025 4510 1065 4571 ad
1083 4523 1230 4571 octavum
1249 4509 1334 4572 diem
1361 4510 1400 4570 ad
1418 4528 1528 4592 pacem

266 4625 314 4672 est
337 4627 473 4695 recepta.

370 4787 383 4816 *
401 4793 434 4841 Iu
452 4793 545 4857 origin.
565 4793 652 4845 tercia.
