3472 5234
600 327 689 384 Anno
710 321 806 404 1584.
830 358 872 369 -
895 321 947 386 18.
971 325 1099 400 augusti.
1426 341 1490 404 249

308 579 406 654 Faria
433 588 530 653 sexta
558 582 712 670 proxima
742 588 820 652 ante
849 581 969 651 festum
998 582 1108 651 sancti
1138 581 1227 667 tegis
1255 579 1425 668 Stephani.

737 745 801 826 (18.
832 748 978 827 augusti).

332 908 410 969 Item
439 908 555 990 Mykus
579 920 609 968 et
633 905 802 968 Ladislaus
827 905 911 967 tular
935 925 1037 988 usque
1066 919 1219 968 octavum
1243 906 1330 968 diem
1355 906 1437 969 inter
1459 927 1492 968 se

227 1014 390 1075 racionem
417 1011 518 1074 facere
544 1012 674 1074 debent.

331 1119 410 1181 Item
434 1119 582 1180 Vrbanus
606 1133 717 1180 contra
749 1118 912 1180 Thomam
938 1119 1044 1201 primo
1068 1118 1182 1180 citatus
1211 1137 1277 1179 non
1302 1117 1492 1200 comparuit.

331 1224 411 1287 Item
434 1244 529 1287 causa
555 1225 639 1287 Petri
672 1238 782 1287 contra
813 1244 940 1287 socrum
973 1245 1064 1287 suam
1088 1224 1128 1286 ad
1152 1236 1302 1286 octavum
1334 1223 1420 1286 diem
1452 1223 1491 1285 ad

228 1351 339 1413 pacem
363 1346 409 1394 est
433 1345 569 1414 recepta.

332 1437 411 1498 Item
429 1438 512 1499 inter
535 1436 666 1498 eosdem
685 1437 815 1499 Petrum
832 1450 863 1499 et
886 1456 1015 1498 socrum
1032 1456 1123 1498 suam
1143 1456 1225 1519 pena
1249 1436 1393 1517 quinque
1410 1454 1493 1497 mar·

228 1563 340 1605 carum
363 1558 410 1604 est
433 1543 547 1625 posita.

335 1648 414 1711 Item
439 1649 607 1711 Ladislaus
639 1661 750 1711 contra
781 1648 952 1712 mulierem
984 1649 1220 1731 Margaretham
1244 1650 1350 1732 prImo
1381 1650 1494 1711 citatus

229 1774 294 1815 non
318 1755 508 1837 comparuit.

334 1878 412 1939 Item
439 1878 614 1960 Gregorius
638 1880 769 1942 Petrum
798 1878 901 1941 filium
934 1878 1103 1941 Chernech
1136 1892 1167 1941 et
1193 1877 1348 1962 Gyurgek
1371 1878 1412 1940 de
1436 1880 1494 1941 Pe·

229 1984 356 2044 trouina
381 1984 414 2044 in
437 1984 543 2066 primo
567 1984 688 2065 judicio
713 1998 823 2047 contra
847 1983 978 2046 fratrem
1010 2004 1104 2046 suum
1128 1985 1169 2046 ad
1194 1985 1359 2066 quandam
1384 1983 1495 2046 fassio·

232 2109 306 2151 nem
330 2102 468 2152 statuere
492 2091 597 2154 debet.

336 2196 415 2257 Item
439 2197 592 2258 Herricus
618 2196 750 2280 pellifex
775 2211 885 2260 contra
903 2196 988 2279 Span
1014 2196 1046 2257 in
1071 2198 1176 2279 primo
1200 2196 1321 2279 judicIo
1338 2196 1494 2278 quasdam

232 2303 338 2365 literas
364 2302 513 2365 exhibere
538 2303 643 2367 debet.

335 2408 415 2470 Item
447 2428 539 2470 causa
572 2409 709 2492 Mylrlini
743 2408 897 2470 Institoris
929 2423 1039 2470 contra
1075 2408 1239 2490 piliatores
1270 2408 1310 2470 ad
1344 2422 1492 2470 octavum

231 2514 317 2576 dlem
342 2515 382 2576 ad
406 2533 518 2596 pacem
546 2529 593 2576 est
617 2528 755 2597 recepta.

335 2620 413 2683 Item
438 2639 532 2682 causa
549 2620 635 2681 lwko
660 2633 770 2682 contra
786 2619 958 2681 Nicolaum
979 2620 1020 2680 ad
1038 2632 1187 2681 octavum
1212 2619 1298 2680 diem
1324 2619 1364 2681 ad
1382 2640 1494 2702 pacem

234 2739 280 2786 est
304 2741 440 2807 recepta.

336 2831 413 2892 Item
438 2831 631 2893 Benedictus
648 2843 759 2893 contra
783 2830 987 2892 Anthonium
1004 2829 1143 2911 juratum
1168 2832 1274 2913 primo
1298 2831 1413 2893 citatus
1429 2851 1494 2894 non

232 2937 422 3018 comparuit.

336 3043 414 3104 Item
439 3062 532 3104 causa
550 3043 660 3105 Iacobi
686 3043 766 3104 Bole
791 3056 900 3105 contra
925 3041 1077 3125 Gyanum
1101 3042 1142 3103 ad
1166 3055 1317 3105 octavum
1344 3044 1430 3105 diem
1455 3045 1495 3106 ad

232 3169 343 3231 pacem
369 3164 415 3212 est
440 3163 574 3231 recepta.

337 3255 415 3316 Item
449 3256 615 3317 EmerIcus
639 3274 773 3337 arcupar
804 3275 861 3338 per
884 3253 1064 3317 Iohannem
1096 3253 1240 3318 Iwchech
1264 3270 1295 3317 et
1320 3256 1495 3319 MartInum

232 3359 357 3422 fabrum
391 3376 506 3424 octavo
529 3360 581 3422 die
613 3360 675 3422 hoc
708 3361 866 3439 atestabit‚
898 3360 986 3442 quod
1019 3359 1136 3442 (ipsum
1169 3360 1312 3443 con)sors
1340 3362 1495 3424 Hermani

233 3466 381 3548 pellificis
405 3467 624 3549 vituperasset.

337 3573 415 3634 Item
440 3573 554 3634 Raden
582 3586 697 3634 octavo
729 3572 781 3634 die
811 3592 869 3655 per
893 3571 1115 3651 Lourandum‚
1148 3586 1328 3634 consortem
1355 3574 1441 3636 Luce
1466 3588 1497 3636 et

233 3677 411 3741 Iohannem
449 3694 591 3741 sutorem
621 3678 682 3741 hoc
717 3679 875 3758 atestabit,
908 3678 997 3760 quod
1030 3692 1210 3750 consortem
1243 3699 1334 3740 suam
1366 3698 1497 3740 consors

233 3783 388 3846 Hermani
413 3784 559 3866 pellihcis
583 3785 802 3867 vituperasset.

338 3890 416 3952 Item
441 3911 535 3952 causa
560 3890 701 3972 Philippi
726 3891 856 3953 sartoris
887 3904 996 3952 contra
1022 3889 1203 3951 Iohannem
1227 3887 1354 3950 fabrum
1379 3889 1420 3949 ad
1444 3908 1496 3951 oc·

233 4007 342 4056 tavum
368 3996 453 4057 diem
478 3996 517 4057 ad
542 4015 653 4077 pacem
679 4008 727 4057 est
749 4009 887 4077 recepta.

341 4119 418 4180 Item
443 4119 589 4181 Andreas
620 4133 721 4181 sartor
745 4134 854 4182 contra
885 4120 1027 4182 Blasium
1058 4134 1212 4181 sartorem
1236 4133 1350 4181 octavo
1374 4120 1426 4181 die
1450 4140 1498 4181 re·

233 4225 414 4306 spondebit.

342 4330 420 4392 Item
457 4331 604 4413 Mychael
639 4330 920 4414 Stach(u)narych‚
953 4331 1077 4415 Ciphus
1109 4343 1140 4392 et
1167 4329 1345 4411 Georgium
1377 4330 1497 4392 dictum

236 4434 390 4518 Gerdnyn
415 4450 529 4497 octavo
553 4436 604 4497 die
630 4450 739 4498 contra
764 4438 884 4499 Lucam
918 4437 1116 4500 Cratkaroka
1141 4450 1279 4498 statuere
1304 4435 1408 4498 debet.

340 4542 419 4603 Item
435 4541 610 4622 Gregorius
626 4556 735 4604 contra
750 4543 929 4605 Iohannem
942 4542 1085 4605 secundo
1098 4542 1212 4603 citatus
1225 4561 1290 4603 non
1308 4543 1497 4624 comparuit.

341 4648 419 4710 Item
445 4648 589 4709 Thomas
621 4648 761 4711 decanus
783 4661 893 4711 contra
918 4649 1120 4711 Anthonium
1145 4647 1284 4729 juratum
1308 4661 1422 4712 octavo
1446 4649 1498 4711 die

238 4754 451 4836 respondebit.
