3472 5234
342 530 421 592 Item
446 529 599 593 Clemens
623 541 732 590 contra
758 527 926 591 Chernech
952 529 1057 611 primo
1082 529 1194 590 citatus
1218 548 1282 590 nou
1308 528 1499 610 comparuit.

342 635 421 698 Item
439 635 546 696 Paulis
570 648 679 696 contra
704 633 897 714 GregorIum
922 635 1026 717 primo
1044 634 1158 696 citatus
1174 653 1240 695 non
1266 632 1456 714 comparuit.

342 741 420 803 Item
438 741 599 803 Iohannes
616 739 700 801 filius
717 739 802 802 Iwan
818 741 918 802 tercIo
941 759 974 801 se
993 754 1106 802 octavo
1124 739 1175 800 die
1200 758 1295 821 super
1318 757 1357 800 eo
1373 737 1503 819 jurabit,

236 847 325 929 quod
350 847 416 929 ipse
441 847 473 907 in
499 846 641 928 quodam
664 845 826 908 forticinio
851 860 960 908 contra
985 846 1114 907 Petrum
1139 844 1247 927 Gapar
1270 846 1425 906 innocens
1448 844 1499 906 sit.

342 952 420 1014 Item
444 952 530 1013 idem
555 950 717 1014 Iohannes
740 964 854 1014 octavo
884 951 935 1012 die
959 951 1101 1013 secundo
1132 971 1165 1012 se
1187 970 1283 1033 super
1306 970 1345 1012 eo
1367 948 1499 1031 jurabit,

236 1058 323 1140 quod
349 1059 415 1140 ipse
440 1059 569 1119 Petrum
594 1078 660 1120 non
685 1058 903 1139 vituperasset.

339 1164 416 1226 Item
442 1183 535 1225 causa
553 1163 682 1225 Martini
700 1176 809 1225 contra
827 1162 1014 1245 Philippum
1037 1161 1164 1225 fabrum
1180 1163 1221 1224 ad
1245 1178 1395 1225 octavum
1412 1161 1499 1223 diem

236 1283 284 1330 est
307 1283 489 1352 prorogata.

341 1374 418 1436 Item
443 1376 512 1436 Kus
535 1389 649 1436 octavo
674 1374 725 1436 die
750 1395 807 1457 per
830 1387 1012 1437 consortem
1038 1375 1145 1437 Endre
1170 1375 1236 1458 Syb
1261 1389 1292 1436 et
1316 1390 1499 1437 consortem

235 1479 384 1561 Gregorii
408 1481 526 1562 Angeli
550 1500 585 1541 ac
610 1495 791 1542 consortem
816 1480 927 1542 Jacobi
956 1480 1017 1541 hoc
1042 1481 1200 1559 atestabit,
1225 1480 1314 1562 quod
1340 1479 1500 1561 Georgius

235 1587 452 1669 carpentarius
476 1606 565 1648 suarn
591 1599 770 1647 consortem
796 1587 1009 1668 percussisset.

339 1692 416 1754 Item
442 1692 528 1754 idem
555 1692 715 1773 Georgius
739 1707 853 1754 octavo
878 1692 929 1753 die
953 1712 1010 1775 per
1038 1692 1185 1754 domInas
1210 1692 1343 1754 Luciam
1368 1691 1494 1753 Nicolai

236 1814 416 1861 consortem
441 1813 472 1860 et
495 1811 676 1860 consortem
702 1798 860 1877 Matheus‚
892 1798 977 1860 lwan
1001 1812 1033 1861 et
1064 1797 1224 1861 Janchech
1248 1812 1412 1860 consortes
1435 1797 1497 1858 hoc

233 1905 390 1982 atestabit,
414 1904 503 1985 quod
526 1905 592 1986 ipse
617 1918 798 1965 consortem
824 1904 892 1965 Kus
916 1924 980 1965 non
1005 1905 1221 1987 percussisset.

340 2009 419 2072 Item
449 2011 532 2072 Rees
562 2025 672 2071 contra
703 2009 883 2071 Iohannem
915 2009 1088 2092 pellificem
1120 2009 1262 2072 secundo
1287 2010 1401 2072 citatus
1433 2028 1499 2070 non

236 2117 425 2198 comparuit.

341 2222 420 2285 Item
445 2222 577 2284 domIna
602 2222 706 2283 Iwana
737 2236 846 2283 contra
870 2222 999 2283 Petrum
1030 2222 1173 2284 secundo
1198 2222 1292 2284 citata
1323 2240 1388 2282 non
1413 2239 1500 2282 com·

237 2329 351 2411 paruit.

340 2434 418 2497 Item
451 2435 601 2497 Marenus
625 2448 734 2495 contra
764 2432 965 2496 Anthonium
998 2455 1062 2496 non
1088 2433 1277 2515 comparuit,
1302 2431 1498 2515 respondere

240 2541 370 2605 debens.

262 2776 359 2849 Feria
386 2786 484 2848 sexta
512 2779 665 2866 proxima
693 2784 770 2866 post
798 2778 921 2848 festum
949 2780 1058 2848 sancti
1087 2777 1262 2848 laurencii
1295 2777 1459 2846 martiris.

757 2932 818 3004 (11.
841 2928 979 3001 auguste).

341 3066 419 3128 Item
451 3068 590 3128 Iacobus
613 3066 744 3150 pellifex
769 3087 869 3150 usque
894 3066 1009 3129 festum
1033 3066 1133 3128 sancti
1159 3065 1287 3127 Martini
1313 3084 1397 3127 nunc
1421 3085 1498 3126 ven·

233 3185 341 3233 turum
359 3172 493 3234 heredes
509 3173 672 3234 Borouina
689 3173 835 3255 pellificis
851 3189 905 3235 aut
921 3173 1028 3235 literas
1044 3172 1258 3253 expeditorias
1276 3190 1384 3233 coram
1401 3170 1496 3232 nobis

236 3292 374 3341 statuere
398 3279 503 3341 debet.

342 3386 418 3448 Item
447 3386 558 3448 Petrus
582 3398 670 3447 sutor
702 3400 816 3448 octavo
840 3386 892 3448 die
924 3407 980 3469 per
1004 3386 1141 3469 Mykech
1173 3385 1363 3462 institorem,
1387 3382 1495 3445 Endre

237 3491 302 3573 Syb
329 3506 360 3554 et
383 3493 512 3553 Petrum
538 3492 730 3574 Hungarum
755 3492 816 3554 hoc
847 3493 1005 3572 atestabit‚
1037 3492 1125 3574 quod
1150 3491 1282 3552 domina
1306 3488 1410 3551 Iwana
1435 3489 1495 3550 sibi

234 3598 440 3660 medietatem
464 3597 556 3660 fundi
580 3597 729 3660 dedisset.

341 3705 419 3766 Item
444 3705 597 3767 Nicolaus
628 3703 823 3786 Zdalchalep
856 3718 970 3766 octavo
1001 3705 1053 3766 die
1085 3723 1140 3787 per
1165 3703 1344 3785 Georgium
1368 3716 1399 3763 et
1423 3720 1498 3762 con·

234 3823 352 3872 sortem
386 3811 511 3872 Nicolai
545 3810 695 3893 Melyuga
727 3824 873 3872 vocatam
902 3824 934 3873 et
965 3811 1094 3872 Petrum
1125 3808 1324 3871 sacerdotem
1348 3807 1409 3868 hoc
1433 3819 1499 3868 ate·

233 3917 338 3995 stabit,
361 3917 448 3997 quod
474 3918 597 3999 Symon
625 3936 691 3978 non
723 3917 755 3977 in
788 3916 980 3999 depasciooe
1012 3916 1067 3978 sed
1092 3917 1125 3977 ln
1157 3934 1271 3997 campo
1296 3916 1395 3975 boves
1419 3931 1497 3973 suos

237 4022 416 4103 recepisset.

340 4126 417 4188 Item
443 4127 605 4190 Iohannes
636 4127 803 4211 Praudych
836 4143 945 4192 contra
982 4126 1180 4211 Stephanum
1212 4140 1325 4188 octavo
1365 4123 1417 4185 die
1451 4144 1499 4185 re-

235 4231 416 4313 spondebit.

341 4338 419 4400 Item
451 4359 543 4402 causa
576 4340 730 4402 Anthonii
762 4341 855 4423 jurati
896 4357 1005 4403 contra
1038 4341 1239 4424 Mychaelem
1272 4339 1313 4400 ad
1347 4351 1497 4399 octavum

236 4444 322 4505 diem
346 4444 385 4505 ad
410 4464 521 4526 pacem
547 4460 593 4506 est
621 4460 757 4527 recepta.

340 4550 418 4611 Item
443 4550 596 4613 Nicolaus
619 4550 703 4613 filius
727 4552 852 4615 Nicolai
885 4565 992 4615 contra
1019 4553 1214 4614 Damianum
1246 4551 1351 4634 primo
1385 4550 1498 4611 citatus

236 4674 300 4716 non
326 4657 515 4739 comparuit.

341 4762 418 4825 Item
435 4762 569 4824 domIna
580 4766 675 4824 Aona
689 4777 798 4825 contra
808 4764 1002 4827 Damianum
1012 4765 1117 4847 primo
1127 4764 1220 4826 citata
1229 4783 1294 4825 uon
1308 4759 1497 4844 comparuit.
