3472 5234
249 319 291 379 66
611 320 808 399 Ann01376.
838 357 873 367 -
900 339 949 402 14.
974 327 1143 387 novembres.

249 531 388 593 hannem
413 516 568 594 sartorem
592 552 650 595 nec
674 553 739 594 non
764 534 945 596 Barnabam
976 535 1176 599 sacerdotem
1206 550 1317 599 contra
1341 537 1513 599 Nicolaum

248 638 439 720 piscatorem
463 638 502 699 de
527 651 630 700 morte
654 639 764 700 matris
789 659 857 718 sue,
881 640 959 721 quid
981 640 1091 721 scient,
1116 642 1233 706 dicent.

354 744 432 805 ltem
449 743 643 807 Benedictus
659 744 799 807 carnifex
816 746 937 808 lacobo
958 747 1037 809 Bole
1055 747 1087 809 in
1104 749 1277 831 quindenis
1293 748 1374 811 duas
1389 766 1512 811 marcas

247 849 410 911 exsolvere
435 849 531 912 debet
555 863 586 911 et
610 849 708 932 judici
733 851 874 913 mediam
899 871 1049 915 marcam.

353 955 431 1017 ltem
456 955 591 1017 luchech
621 958 838 1040 carpentarius
868 956 1011 1039 Georgio
1044 959 1237 1042 calcariparo
1269 960 1301 1021 in
1337 959 1512 1043 quindenis

249 1060 329 1121 duas
353 1080 474 1123 marcas
497 1060 705 1124 denariorum
729 1063 872 1127 exsolvet
896 1077 927 1124 et
950 1063 1049 1146 judici
1074 1064 1215 1126 mediam
1239 1084 1390 1130 marcam.

352 1166 431 1228 Item
451 1167 642 1229 Valentinus
658 1167 698 1229 de
715 1182 825 1230 sancto
848 1170 990 1253 Symone
1006 1168 1085 1233 feria
1103 1184 1189 1232 sexta
1205 1186 1277 1253 post
1293 1170 1410 1235 festum
1426 1171 1511 1235 beati

247 1271 376 1333 Martini
409 1271 600 1335 confessoris
630 1294 663 1335 se
694 1274 853 1336 secundus
884 1274 1000 1357 jurabit
1032 1276 1065 1337 in
1094 1296 1145 1356 eo,
1169 1276 1257 1357 quod
1289 1277 1395 1359 ipsum
1427 1277 1512 1340 Mar·

246 1376 333 1438 tinus
356 1391 387 1440 et
411 1378 499 1440 Lade
524 1380 557 1440 in
581 1400 642 1462 vya
665 1380 795 1463 publica
819 1394 981 1463 repertum
998 1381 1066 1443 sine
1090 1401 1146 1443 sua
1170 1382 1264 1465 culpa
1277 1383 1508 1445 vulnerassent.

352 1485 430 1548 ltem
454 1505 548 1547 causa
572 1486 715 1567 magistri
739 1485 829 1548 Pauli
855 1501 885 1549 et
910 1485 1056 1568 Gregorii
1082 1487 1212 1550 sartoris
1235 1500 1282 1550 est
1304 1487 1346 1556 ad
1368 1488 1511 1571 primum

244 1589 401 1671 judicium
426 1605 498 1675 post
521 1610 616 1652 suum
640 1592 815 1654 adventum
839 1605 1019 1674 prorogata.

349 1695 427 1758 Item
445 1697 553 1759 relicta
578 1697 688 1760 Rados
719 1710 829 1760 contra
857 1698 1013 1759 Jacobum
1045 1696 1218 1780 pellificem
1248 1699 1347 1762 actrix
1371 1697 1510 1762 existens

244 1820 311 1863 non
335 1803 524 1886 comparuit.

279 1999 377 2075 aeria
405 2011 505 2076 sexta
531 2008 685 2094 proxima
712 2013 790 2095 post
815 2006 939 2078 festum
967 2007 1057 2078 beati
1086 2007 1224 2078 Martini
1252 2006 1467 2080 confessoris.

739 2157 804 2238 (14.
827 2160 1018 2232 novembris).

350 2295 459 2356 Primo
483 2295 627 2356 Andreas
651 2295 810 2359 aurifaber
841 2310 950 2359 contra
975 2298 1128 2360 Ratistam
1151 2297 1256 2379 primo
1296 2297 1409 2359 citatus
1439 2315 1507 2359 non

244 2402 432 2483 comparuit.

349 2507 428 2570 ltem
452 2527 546 2568 causa
578 2507 706 2570 Thome
736 2522 767 2570 et
798 2509 927 2570 Martini
953 2521 1000 2571 est
1029 2528 1085 2589 per
1109 2506 1303 2589 Gregorium
1334 2526 1446 2569 voscar
1476 2519 1509 2570 et

244 2612 407 2674 Jaklinum
432 2613 473 2674 ad
497 2626 570 2674 octo
594 2612 662 2675 dies
686 2626 811 2695 recepta
836 2613 876 2674 ad
900 2633 1023 2694 pacem.

348 2719 426 2781 ltem
458 2719 543 2780 lwan
575 2733 685 2781 contra
718 2720 808 2780 Marlc
840 2718 943 2780 filium
976 2718 1113 2801 Mykech
1144 2718 1200 2780 filii
1236 2717 1396 2780 Leonardi
1427 2717 1507 2782 feria

241 2823 339 2886 tercia
362 2844 419 2906 per
444 2825 550 2886 Mikus
571 2838 602 2886 et
619 2824 726 2886 Mathe
743 2825 891 2886 atestabit
903 2824 943 2885 de
960 2824 1126 2885 solucione
1151 2822 1288 2884 duarum
1313 2841 1506 2887 marcarum.

348 2928 426 2992 Item
451 2930 607 2991 Martinus
630 2943 661 2991 et
686 2928 773 2990 Lade
797 2929 970 2990 Valentino
995 2928 1034 2990 de
1058 2941 1167 2990 sancto
1193 2929 1335 3012 Symone
1360 2927 1392 2988 in
1410 2927 1505 3008 quin·

243 3032 334 3094 denis
357 3034 437 3095 duas
460 3054 582 3096 marcas
606 3034 812 3096 denariorum
836 3047 965 3116 propter
993 3053 1048 3095 sua
1072 3034 1204 3095 vulnera
1229 3033 1394 3094 exsolvent
1410 3045 1442 3095 et
1457 3031 1506 3114 ju·

241 3138 304 3200 dici
330 3139 470 3200 mediam
495 3158 645 3202 marcam.

348 3245 424 3307 ltem
451 3246 561 3306 Petrus
585 3259 685 3306 sartor
718 3258 828 3307 contra
862 3243 1061 3327 Mychaelem
1084 3243 1223 3325 juratum
1247 3255 1362 3304 octavo
1393 3242 1446 3305 die
1470 3262 1506 3305 se

241 3350 400 3411 secundus
423 3350 540 3430 jurabit
564 3352 596 3411 in
620 3371 670 3430 eo,
695 3350 783 3432 quod
808 3350 912 3433 ipsum
939 3370 1003 3411 non
1029 3350 1265 3432 vituperaverit.

347 3454 425 3515 Item
450 3456 639 3517 secundario
664 3455 781 3537 jurabit
805 3455 872 3517 sola
896 3475 1031 3537 persona
1059 3473 1154 3536 super
1178 3473 1227 3532 e0,
1258 3451 1346 3533 quod
1371 3451 1411 3515 de
1442 3464 1505 3515 sta·

241 3560 387 3621 cionibus
410 3562 475 3622 suis
500 3562 626 3622 nullum
650 3576 778 3645 pactum
804 3560 938 3641 fecisset,
962 3580 1067 3641 neque
1091 3558 1213 3639 aliquid
1237 3570 1408 3619 teneretur.

346 3666 424 3727 Item
447 3680 562 3729 octavo
584 3668 636 3728 die
660 3667 901 3729 Luca-Bonioli
918 3680 1104 3748 procurator
1129 3663 1367 3725 communitatis
1390 3675 1502 3726 contra

240 3771 411 3832 Nicolaum
437 3774 553 3854 Loytra
578 3773 730 3834 conduxit
760 3773 907 3834 homines
938 3770 1171 3852 quinquaginta
1201 3781 1232 3831 et
1262 3767 1380 3846 jurabit
1410 3767 1503 3829 XXV

237 3877 382 3956 personis
404 3897 498 3959 super
522 3897 572 3956 eo,
596 3879 683 3958 quod
701 3878 862 3958 predictus
886 3875 1036 3959 Loytrich
1065 3873 1114 3934 fur
1146 3887 1177 3935 et
1201 3871 1388 3934 malefactor
1420 3870 1499 3933 civi·

236 3981 308 4043 tatis
332 4002 349 4041 a
373 3983 482 4043 multis
504 3983 704 4064 temporibus
728 3982 849 4042 existat.

342 4085 419 4147 ltem
445 4087 531 4147 lvvan
555 4100 664 4146 contra
698 4086 868 4146 Nicolaum
900 4084 1039 4146 condam
1064 4080 1202 4163 judicem
1235 4092 1348 4142 octavo
1372 4081 1425 4143 die
1450 4082 1500 4164 ju-

237 4189 319 4250 rabit
342 4208 375 4250 se
399 4191 526 4267 tercius,
551 4190 637 4270 quod
672 4192 739 4271 ipse
772 4209 829 4250 nec
860 4209 936 4250 suus
967 4186 1132 4269 privignus
1163 4185 1285 4265 aliquas
1308 4204 1358 4246 res
1382 4185 1415 4246 in
1440 4206 1499 4250 sua

235 4294 327 4354 vinea
353 4293 555 4369 furaverunt;
580 4294 700 4355 ibidem
724 4294 811 4354 solus
834 4293 951 4370 jurabit
976 4292 1015 4351 de
1040 4290 1214 4371 vituperiis.

342 4400 417 4460 Item
443 4419 535 4461 causa
561 4398 689 4460 Gerdalc
715 4411 745 4459 et
771 4398 876 4458 Lachk
901 4394 1037 4477 lapicide
1059 4405 1105 4454 est
1128 4412 1183 4474 per
1207 4390 1386 4454 iohannem
1413 4393 1501 4456 Che-

234 4503 326 4563 merii
350 4503 390 4564 ad
414 4516 487 4565 octo
511 4503 580 4564 dies
603 4516 728 4584 recepta
752 4502 792 4562 ad
817 4520 940 4581 pacem.

339 4606 416 4669 Item
450 4606 649 4688 Margaretha
683 4606 798 4666 mulier
829 4619 944 4666 octavo
969 4601 1019 4662 die
1056 4613 1164 4662 contra
1198 4600 1304 4662 Mathe
1337 4600 1502 4667 decanum

233 4711 301 4772 sola
325 4711 442 4793 jurabit
465 4712 497 4773 in
522 4731 572 4790 eo,
596 4711 684 4792 quod
709 4711 776 4791 ipsa
800 4709 957 4790 quasdam
981 4705 1131 4767 lardones
1154 4706 1186 4766 in
1211 4705 1351 4787 precium
1376 4705 1500 4771 domus

232 4815 327 4877 matri
352 4836 408 4878 sue
432 4816 633 4897 assignasset.
