3472 5234
644 310 730 366 Anna
754 305 847 383 1389.
872 343 914 351 —
932 323 990 385 30.
1014 310 1129 384 aprilis.

364 522 442 583 Item
468 541 561 582 causa
588 521 732 583 EIIzabet
763 533 873 582 contra
906 519 1042 582 Paulum
1070 518 1196 582 fabrum
1229 540 1330 603 usque
1355 535 1428 585 octo
1452 521 1521 584 dies

258 628 298 691 ad
327 648 438 711 pacem
463 641 510 689 est
533 641 670 708 recepta.

365 735 441 796 Item
468 753 562 795 causa
579 734 669 795 Pauli
687 732 840 795 aurifabri
858 746 967 795 contra
985 733 1149 795 Thomam
1165 735 1400 817 carpentarium
1419 754 1519 815 usque

258 845 398 926 primum
422 842 579 922 judicium
603 841 713 903 estad
739 860 848 923 pacem
873 854 1010 921 recepta.

367 967 445 1029 Item
477 966 601 1028 SamIar
633 979 742 1026 contra
774 964 967 1046 Gregorium
1000 964 1144 1027 voischar
1175 965 1279 1047 primo
1311 965 1425 1027 citatus
1455 984 1520 1027 non

261 1073 450 1156 comparuit.

368 1181 445 1242 Item
470 1199 564 1241 causa
588 1178 744 1241 Iohannis
774 1177 889 1260 judicis
912 1191 1021 1239 contra
1054 1179 1118 1240 Res
1142 1198 1243 1261 usque
1274 1180 1414 1261 prImum
1439 1179 1523 1252 iudi-

261 1287 344 1348 cium
370 1286 411 1348 ad
435 1305 546 1368 pacem
571 1300 617 1347 est
641 1298 775 1366 recepta.

366 1413 443 1473 Item
461 1409 579 1493 (causa)
605 1410 746 1472 Simonis
766 1410 895 1472 sartoris
917 1423 1026 1472 eontra
1049 1410 1175 1472 Endree
1194 1410 1249 1472 Sib
1274 1410 1313 1472 ad
1339 1429 1450 1492 pacem
1476 1420 1522 1471 est

261 1532 398 1600 recepta.
1533 1504 1537 1512 ’

366 1625 442 1685 Item
468 1623 651 1685 Demetrius
675 1636 783 1684 contra
816 1622 955 1683 Borkam
979 1622 1011 1683 In
1043 1622 1149 1704 primo
1174 1621 1293 1701 judicio
1326 1634 1421 1684 testes
1444 1640 1520 1702 pro·

264 1731 370 1808 ducet,
407 1729 572 1792 videlicet:
610 1730 789 1808 Marenum,
822 1727 1015 1808 Gregorium
1047 1728 1157 1807 decan,
1190 1729 1318 1790 Petrum
1343 1729 1520 1809 Vngarum,

261 1837 448 1898 Bartollum.

364 1942 443 2004 Item
469 1943 611 2004 IIosman
635 1953 744 2003 contra
765 1940 940 2023 Georgium
967 1941 999 2003 in
1024 1941 1129 2024 primo
1153 1940 1274 2023 judicio
1299 1940 1520 2024 respondebit.

366 2064 443 2127 Item
461 2065 613 2127 Clemens
637 2065 913 2127 Zlatobradichich
939 2077 1049 2126 contra
1077 2065 1245 2127 Vrbanech
1270 2064 1460 2127 secundario
1479 2064 1521 2126 ci·

258 2183 340 2232 tatus
372 2190 438 2233 non
464 2172 652 2254 comparuit.

367 2277 445 2339 Item
468 2297 561 2339 causa
587 2278 651 2338 Res
675 2291 785 2340 contra
801 2278 944 2339 relictam
965 2277 1089 2360 Paulyn
1113 2277 1153 2339 ad
1179 2297 1288 2359 pacem
1314 2290 1361 2340 est
1384 2290 1521 2359 recepta.

364 2383 441 2446 Item
467 2403 561 2445 causa
586 2382 710 2445 Nicolai
736 2398 845 2445 contra
869 2384 1049 2445 Iohannem
1081 2383 1221 2464 judicem
1244 2384 1284 2445 ad
1309 2385 1449 2465 primum
1474 2383 1522 2465 ju·

258 2488 379 2550 dicium
405 2505 450 2550 est
474 2504 654 2573 prorogata.

365 2613 442 2676 Item
465 2615 539 2695 quia
566 2614 745 2695 Stephanus
770 2613 927 2696 ChapIich
953 2633 1008 2696 per
1032 2626 1127 2674 testes
1148 2611 1292 2674 efficaces
1316 2612 1348 2673 id
1373 2631 1521 2694 compro-

258 2719 356 2798 bavit,
381 2721 468 2801 quod
495 2722 618 2803 Ztoyan
643 2719 739 2782 frater
762 2740 838 2782 suus
862 2720 966 2782 adhuc
984 2720 1096 2782 vivens
1119 2718 1257 2781 fundum
1282 2738 1375 2780 suum
1401 2732 1433 2781 ει
1457 2719 1520 2780 alia

258 2825 342 2886 bona
367 2846 423 2887 sua
448 2825 598 2888 fratribus
621 2827 686 2888 suis
718 2826 940 2905 commisisset,
972 2826 1046 2888 ideo
1078 2825 1182 2907 ipsum
1218 2824 1354 2886 fundum
1380 2838 1410 2886 et
1435 2825 1520 2886 bona

258 2931 395 2992 condam
421 2932 519 3014 ipsIus
542 2933 665 3014 Ztoyan
691 2931 777 3012 juxta
793 2952 885 2994 suam
901 2932 1164 2994 commissIonem
1181 2930 1257 3014 ipsis
1281 2931 1346 2992 suis
1371 2929 1521 2992 fratribus

259 3036 540 3116 adjudicaverunt;
567 3040 676 3099 Maren
702 3053 810 3101 autem
833 3052 936 3100 textor
960 3039 1061 3122 ipsam
1083 3056 1210 3100 causam
1234 3037 1274 3098 ad
1299 3037 1448 3118 antiquos
1470 3035 1520 3118 ju-

258 3141 345 3205 dices
369 3144 553 3226 appellavit.

363 3268 441 3330 Item
466 3269 628 3331 Iohannes
652 3269 769 3331 Donati
802 3283 912 3333 contra
937 3270 1067 3332 Petrum
1098 3269 1234 3349 longum
1267 3268 1373 3350 prImo
1407 3268 1521 3331 citatus

261 3392 326 3434 non
351 3375 540 3457 comparuit.

363 3498 441 3561 Item
470 3498 672 3579 BenedIctus‚
697 3500 850 3563 Nicolaus
873 3499 1056 3581 lucifigulus
1080 3513 1190 3562 contra
1216 3499 1346 3583 Mathey
1369 3499 1519 3562 terciario

258 3604 343 3666 citati
369 3625 434 3667 non
458 3620 717 3689 comparuerunt.

276 3855 371 3931 Feria
399 3869 499 3932 sexta
526 3864 679 3951 proxima
707 3873 785 3934 ante
821 3863 943 3935 festam
972 3865 1149 3936 beatorum
1179 3863 1299 3954 Phfflpi
1329 3872 1362 3935 ει
1389 3865 1508 3956 Jacobi

769 3988 1007 4077 apostolorum.

785 4160 853 4233 (30.
876 4158 1004 4234 aprilis).

362 4311 441 4373 Item
476 4313 660 4375 Anthonius
696 4315 821 4377 Kordar
852 4329 961 4378 contra
994 4317 1136 4378 Marcum
1168 4318 1273 4399 primo
1305 4318 1418 4379 citatus
1452 4339 1517 4382 non

258 4418 448 4499 comparuit.

363 4522 441 4584 Item
460 4523 626 4606 Crumbog
650 4539 759 4588 contra
778 4527 977 4589 Demetrium
990 4529 1095 4610 primo
1108 4529 1221 4591 citatus
1245 4549 1309 4592 non
1328 4531 1517 4614 comparuit.

365 4627 442 4689 Item
467 4606 634 4712 Philippus
658 4633 774 4694 medici
807 4646 917 4696 contra
942 4634 1158 4716 Dragozlaum
1182 4637 1288 4720 primo
1315 4637 1428 4701 citatus
1451 4657 1516 4698 non

257 4749 446 4817 comparurt.
