3472 5234
668 329 755 388 Anno
777 325 869 405 1378.
895 361 936 372 -
959 343 989 388 2.
1013 329 1127 401 aprilis.

372 540 449 602 ltem
482 538 646 601 Johannes
678 551 709 600 et
740 537 938 599 Laurentius
969 550 1079 598 contra
1106 536 1184 599 luan
1215 538 1321 620 primo
1345 539 1431 602 citati
1463 559 1528 602 non

265 660 523 729 comparuerunt.

276 791 278 794 >
371 751 449 814 ltem
474 752 599 830 Marko,
629 749 748 827 Mathe,
781 747 973 831 Stephanus,
1005 748 1184 831 Philippus,
1218 748 1379 812 lohannes
1403 764 1434 814 et
1464 755 1531 813 An·

265 857 358 920 dreas
382 871 492 919 contra
517 857 647 917 Petrum
671 852 863 937 Pra(u)dych
887 853 993 936 primo
1017 853 1103 915 citati
1132 872 1197 915 non
1224 868 1485 936 comparuerunt.

370 963 448 1024 ltem
473 963 610 1024 lacobus
633 958 763 1044 pellifex
788 979 890 1042 usque
915 958 1028 1022 leriam
1043 959 1175 1021 terciam
1199 978 1272 1021 cum
1296 959 1429 1022 domina
1446 962 1530 1023 Mar·

264 1068 395 1149 garetha
419 1068 529 1130 relicta
554 1066 732 1129 Sebastiani
748 1085 844 1148 super
863 1065 953 1127 XXV
970 1063 1040 1126 flor.
1065 1065 1228 1126 racionem
1249 1084 1369 1147 ponere
1386 1066 1527 1131 debebit

371 1174 450 1236 Item
473 1193 567 1235 causa
592 1171 720 1235 Gerdak
751 1186 782 1235 et
806 1171 946 1254 Philippi
981 1182 1027 1232 est
1058 1189 1115 1253 per
1147 1170 1303 1233 Jacobum
1326 1184 1358 1233 et
1380 1172 1457 1234 luan
1489 1172 1530 1235 ad

265 1291 339 1342 octo
363 1279 433 1341 dies
456 1292 582 1362 recepta
606 1278 646 1340 ad
670 1297 793 1360 pacem.
1515 1359 1519 1362 .

371 1385 450 1448 ltem
476 1384 656 1467 Stephanus
679 1384 779 1446 Veres
810 1398 920 1446 contra
953 1384 1147 1467 Gregorium
1168 1400 1333 1448 'sartorem
1357 1383 1463 1465 primo
1487 1384 1530 1446 ci·

265 1505 349 1554 tatus
373 1512 438 1554 non
463 1490 654 1574 comparuit.
807 1472 810 1476 ¹

371 1599 449 1661 Item
466 1617 560 1659 causa
585 1596 720 1675 Miclini,
746 1594 879 1676 Georgii
892 1609 923 1658 et
940 1596 1095 1659 Anthonii
1119 1597 1298 1682 juratorum
1321 1612 1432 1660 contra
1450 1598 1529 1663 Gre-

264 1705 393 1787 gorium
416 1717 570 1766 sartorem
595 1716 642 1765 est
664 1721 721 1784 per
745 1702 914 1763 Marenum
930 1701 972 1763 ad
996 1716 1069 1765 octo
1093 1703 1163 1765 dies
1178 1702 1329 1786 (recepta)
1346 1703 1387 1765 ad
1403 1723 1527 1786 pacem.

373 1810 451 1871 ltem
473 1807 635 1870 lohannes
655 1820 756 1869 sartor
780 1820 889 1869 contra
907 1807 1110 1871 Clementem
1135 1808 1262 1871 fabrum
1286 1809 1390 1880 primo
1415 1810 1529 1872 citatus

266 1935 331 1978 non
356 1914 546 1997 comparuit.

372 2021 450 2083 ltem
482 2018 645 2101 quendam
674 2019 800 2080 vineam
834 2018 987 2101 Stephani
1019 2032 1050 2080 et
1086 2020 1224 2081 condam
1256 2021 1419 2083 Valentini
1452 2020 1528 2083 dicti

266 2127 410 2190 Bouthos
434 2126 539 2188 eidem
557 2124 720 2207 Stephano
738 2137 769 2186 et
781 2123 920 2186 iohanni
935 2124 1075 2203 literato,
1091 2125 1142 2187 cui
1160 2126 1260 2207 ipsam
1277 2126 1424 2189 vendidit
1440 2126 1527 2189 idem

267 2233 458 2314 Stephanus,
471 2243 626 2313 perpetuo
639 2229 893 2311 adjudicavimus
903 2229 1149 2312 possidendam3
1163 2231 1264 2313 ipsam
1278 2246 1385 2294 autem
1399 2251 1529 2294 causam

266 2338 449 2401 Anthonius
474 2336 576 2398 Reniz
599 2335 639 2397 ad
663 2335 814 2417 antiquos
836 2334 957 2415 judices
980 2335 1164 2418 appellavit.

373 2445 452 2506 ltem
476 2443 555 2504 Pasa
579 2454 689 2504 contra
714 2440 879 2503 Geninum
903 2454 1018 2502 octavo
1041 2440 1094 2503 die
1118 2441 1335 2524 respondebit.

373 2551 450 2613 ltem
475 2548 622 2612 Thomas
654 2561 685 2611 et
717 2547 900 2609 Anthonius
929 2560 1040 2609 contra
1063 2547 1261 2610 Peterlinum
1292 2548 1435 2611 secundo
1463 2568 1530 2612 non

266 2670 526 2740 comparuerunt.

372 2763 450 2824 ltem
474 2760 627 2823 Nicolaus
644 2773 753 2820 contra
771 2759 948 2821 Renarium
964 2760 1107 2822 secundo
1124 2761 1238 2822 citatus
1254 2781 1319 2823 non
1338 2763 1529 2845 comparuit.

373 2868 452 2929 ltem
476 2886 570 2928 causa
594 2865 693 2927 Marci
718 2877 749 2927 et
772 2865 856 2927 Petri
885 2879 931 2927 est
959 2885 1017 2947 per
1042 2865 1245 2929 Clementem
1270 2880 1301 2928 et
1326 2867 1529 2930 Anthonium

267 2974 401 3037 Truden
426 2973 465 3035 ad
490 2987 563 3034 octo
588 2971 656 3032 dies
679 2985 805 3053 recepta
829 2970 869 3032 ad
894 2991 1016 3053 pacem.

373 3080 451 3141 Item
476 3078 629 3140 Clemens
652 3090 742 3139 sutor
773 3090 883 3138 contra
914 3076 1084 3138 dominum
1117 3078 1261 3140 Priorem
1285 3079 1389 3161 primo
1417 3079 1531 3142 citatus

267 3206 332 3248 non
361 3184 550 3267 comparuit.

373 3290 451 3351 ltem
476 3288 632 3350 Martinus
663 3288 880 3368 carpentarius
909 3301 1019 3350 contra
1043 3288 1263 3352 Alexandrum
1287 3303 1319 3352 et
1350 3290 1456 3352 Eliam
1480 3310 1531 3353 se·

267 3395 374 3458 cundo
398 3395 512 3456 citatus
536 3412 601 3454 non
626 3393 816 3474 comparuit.

373 3500 451 3562 ltem
475 3498 592 3581 (causa)
616 3497 781 3560 familiaris
812 3498 936 3561 domini
967 3499 1119 3562 Custodia
1146 3514 1256 3563 contra
1281 3501 1386 3563 Eliam
1420 3501 1531 3564 estad

267 3624 378 3687 pacem
403 3625 459 3687 per
482 3605 637 3666 Jacobum
662 3605 742 3667 Bole
766 3618 797 3666 et
820 3605 1012 3667 Mauricium
1036 3619 1173 3688 recepta.

373 3712 450 3773 ltem
468 3711 647 3791 Elizabeth,
679 3711 790 3773 Petrus
825 3724 926 3774 sartor
957 3724 988 3774 et
1020 3711 1200 3794 Stephanus
1231 3712 1320 3776 saber
1344 3734 1410 3776 non
1442 3728 1531 3776 com·'

267 3831 452 3900 paruerunt.

373 3922 451 3984 ltem
476 3921 652 4005 Gregorius
676 3935 785 3984 contra
811 3922 916 3984 Eliam
939 3922 1044 4005 primo
1068 3923 1181 3985 citatus
1204 3943 1270 3986 non
1295 3926 1486 4008 comparuit.

376 4029 455 4091 ltem
480 4028 566 4090 Luca
590 4043 700 4091 contra
724 4029 859 4091 luanum
890 4028 1032 4090 secundo
1064 4029 1177 4092 citatus
1200 4051 1265 4093 non
1297 4033 1477 4115 comparuit
1501 4047 1532 4097 et

268 4134 320 4196 die
344 4148 460 4196 octavo
484 4134 702 4216 respondebit.

373 4240 451 4301 ltem
475 4240 552 4301 luan
576 4239 702 4321 Cupich
726 4254 757 4300 et
781 4239 942 4320 Georgius
957 4254 1067 4302 contra
1089 4240 1261 4302 Nicolaum
1278 4239 1382 4304 filium
1405 4243 1530 4306 Criaani

267 4344 410 4407 secundo
434 4345 520 4406 citati
545 4365 611 4407 non
636 4357 898 4427 comparuerunt.

373 4450 451 4511 Item
484 4469 578 4512 causa
602 4450 768 4513 Benedicti
793 4464 824 4513 et
855 4450 1010 4512 Johannis
1034 4463 1081 4513 est
1111 4470 1168 4532 per
1191 4450 1404 4514 Benedictum
1429 4452 1531 4515 carni·

267 4553 359 4616 ficem
384 4569 414 4618 et
438 4555 575 4617 Paulum
598 4556 638 4617 ad
664 4570 737 4619 octo
761 4557 829 4618 dies
852 4569 978 4638 recepta
1002 4556 1042 4618 ad
1066 4576 1189 4639 pacem.

374 4662 452 4724 ltem
477 4662 671 4724 Benedictus
694 4678 804 4724 contra
835 4662 1047 4724 Benedictum
1078 4663 1184 4744 primo
1216 4664 1330 4726 citatus
1354 4684 1419 4727 non
1444 4684 1533 4727 com-

268 4767 383 4847 paruit.
