3472 5234
237 316 298 377 330
653 298 739 356 Anno
762 311 857 374 1590.
883 331 921 340 -
947 311 974 358 r.
991 295 1075 373 julii.

235 508 320 570 linus
342 507 438 589 judex
456 507 617 590 quandam
635 526 726 568 suam
747 507 882 569 domum
900 508 990 570 uxori
1007 528 1064 571 sue
1091 527 1190 589 usque
1208 508 1306 570 vitam
1332 509 1364 569 in
1384 508 1497 570 eadem

235 615 445 698 permanendi
470 615 640 696 legavisset
663 612 719 676 tali
745 613 854 692 modo,
886 614 974 696 quod
999 629 1071 696 post
1103 627 1240 676 mortem
1266 615 1367 696 ipsius
1391 614 1499 676 uxoris

235 740 292 783 sue
316 720 401 782 dicta
425 720 543 784 domus
566 721 704 782 claustro
729 719 861 782 ecclesie
894 720 993 782 sancti
1018 720 1142 782 Nicolai
1167 719 1369 782 devolvatur.

341 828 419 890 Item
446 827 622 908 Gregorius
646 842 755 889 contra
781 826 980 909 Stephanum
1005 827 1138 888 Drasich
1169 826 1360 889 secundario
1384 827 1498 888 citatus

236 952 301 995 non
326 935 517 1016 comparuit.

342 1041 420 1103 item
445 1041 555 1103 Bartol
579 1060 652 1102 cum
677 1039 817 1103 Bedicha
840 1059 976 1121 usquem
1000 1040 1086 1101 diem
1111 1039 1311 1101 dominicum
1336 1038 1498 1100 racionem

236 1167 357 1230 ponere
383 1147 512 1209 debent.

344 1253 422 1314 item
447 1253 628 1335 Stephanus
660 1268 691 1315 et
723 1252 864 1315 Golozlo
889 1266 998 1315 contra
1031 1252 1156 1315 Malech
1187 1250 1377 1315 secundario
1409 1249 1495 1312 citati

236 1379 302 1421 non
328 1373 586 1442 comparuerunt.

342 1466 418 1528 item
445 1465 596 1528 dominus
613 1466 746 1548 Crispus
769 1479 879 1528 contra
896 1466 953 1528 Sib
970 1466 1075 1548 primo
1092 1466 1204 1528 citatus
1221 1485 1286 1527 non
1308 1463 1497 1546 comparuit.

340 1573 418 1633 Item
444 1572 610 1634 Emericus
634 1572 722 1634 saber
746 1587 859 1634 octavo
892 1572 943 1634 die
967 1572 1055 1634 solus
1085 1591 1243 1654 supereo
1267 1571 1384 1653 jurabit
1408 1569 1496 1652 quod

235 1678 302 1761 ipse
327 1691 358 1740 et
381 1679 429 1739 sui
454 1677 602 1740 homines
633 1678 757 1740 nullum
790 1678 921 1740 vadium
945 1678 1009 1760 (ab)
1038 1678 1225 1740 hominibus
1250 1677 1386 1739 Mathias
1409 1696 1498 1738 rece-

234 1784 372 1865 pissent;
403 1785 469 1867 ipse
500 1798 607 1846 autem
640 1782 785 1867 Mathyas
817 1784 934 1845 dictam
964 1804 1091 1846 causam
1128 1784 1168 1845 ad
1200 1784 1351 1865 antiquos
1374 1783 1502 1864 judices¹

235 1890 421 1972 appellavit.

341 1996 419 2057 Item
438 1996 561 2058 Petrich
587 2011 687 2058 sartor
704 2017 804 2079 usque
822 1997 1002 2078 quindenas
1022 1998 1152 2059 terciam
1171 1996 1339 2058 dimidiam
1356 2016 1495 2057 marcam

235 2102 359 2164 soluere
384 2101 497 2179 debet;
522 2103 588 2184 ipse
613 2103 698 2164 enim
724 2102 905 2185 Stephanus
928 2104 968 2165 ad
990 2104 1141 2185 antiquos
1164 2102 1286 2184 judices
1309 2102 1494 2184 appellavit.

678 2305 860 2378 Sabbatum
897 2325 1049 2395 sequens.

342 2472 420 2534 Item
446 2474 723 2555 quemadmodum
748 2495 842 2537 causa
875 2473 1028 2557 Stephani
1061 2475 1190 2536 sartoris
1213 2494 1269 2556 per
1300 2473 1420 2554 juratos
1452 2488 1498 2536 est

233 2577 373 2658 judicata
396 2580 511 2641 eodem
537 2581 635 2643 modo
659 2601 715 2664 per
739 2582 888 2662 antiquos
911 2580 1033 2661 judices
1056 2594 1102 2643 est
1126 2579 1322 2642 confirmata.

340 2686 416 2749 item
444 2687 610 2749 Emericus
634 2687 722 2750 faber
750 2702 864 2750 octavo
896 2687 948 2750 die
973 2707 1068 2770 super
1092 2706 1130 2748 eo
1163 2686 1290 2767 jurabit,
1315 2687 1403 2769 quod
1428 2688 1495 2770 ipse

235 2792 374 2873 quedam
400 2792 486 2873 ligna
513 2793 658 2878 Mathyas
682 2795 780 2877 recipi
805 2814 870 2856 non
896 2792 1030 2856 fecisset.

289 3010 383 3084 Feria
412 3024 511 3085 sexta
540 3018 692 3103 proxima
721 3022 797 3103 post
824 3016 946 3087 testum
974 3016 1148 3085 beatorum
1178 3014 1268 3085 Petri
1299 3020 1332 3084 ct
1360 3013 1457 3083 Pauli

737 3140 976 3227 apostolorum.

785 3313 825 3384 (l.
842 3311 940 3387 julii).

341 3467 417 3528 Item
455 3467 566 3528 Petrus
604 3467 756 3529 Scoroich
797 3469 900 3550 primo
937 3468 1050 3529 citatus
1094 3479 1202 3528 contra
1240 3465 1386 3526 Delasich
1431 3485 1495 3526 non

234 3573 422 3652 comparuit.

341 3679 419 3740 item
436 3699 529 3739 causa
556 3680 638 3740 Petri
665 3680 782 3741 Prioris
806 3693 915 3742 contra
941 3678 1090 3760 Magdich
1125 3697 1224 3758 usque
1250 3677 1388 3759 primum
1414 3678 1495 3758 judi-

234 3783 320 3843 cium
345 3799 389 3845 est
414 3800 593 3866 prorogata.

342 3893 418 3953 Item
445 3892 597 3953 Miklinus
621 3907 730 3953 contra
757 3894 867 3954 Bozou
891 3893 996 3973 primo
1022 3892 1135 3953 citatus
1159 3911 1223 3951 non
1249 3890 1438 3971 comparuit.

341 4000 417 4059 Item
444 3999 561 4059 Paulus
586 3998 778 4061 Merichicha
797 4013 905 4060 contra
932 3999 1068 4058 Borkam
1086 3997 1275 4058 secundario
1300 3996 1412 4057 citatus
1429 4015 1493 4056 non

236 4106 424 4186 comparuit.

339 4212 415 4272 Item
432 4212 521 4272 Duch
536 4227 644 4273 contra
659 4211 950 4274 Glesnakouicham
965 4211 1069 4291 primo
1090 4211 1203 4270 citatus
1219 4228 1283 4269 non
1301 4208 1492 4289 comparuit.

339 4317 415 4378 Item
443 4318 594 4379 Nicolaus
618 4333 727 4381 contra
753 4318 923 4380 Nicolaum
948 4317 1053 4397 primo
1078 4316 1190 4377 citatus
1215 4335 1279 4375 non
1304 4314 1493 4396 comparuit.

341 4423 417 4483 Item
444 4424 529 4485 idem
555 4425 706 4486 Nicolaus
731 4437 839 4485 contra
858 4422 1053 4484 Biharuarad
1078 4421 1267 4482 secundario
1292 4420 1405 4482 citatus
1429 4439 1493 4480 non

234 4531 423 4608 comparuit.

340 4635 416 4696 item
442 4637 596 4700 Miklinus
620 4650 728 4700 contra
761 4635 900 4701 eundem
927 4633 1123 4698 Biharuarad
1154 4633 1258 4717 primo
1291 4632 1404 4697 citatus
1428 4650 1492 4694 nott

233 4741 422 4820 comparuit.
