3472 5234
473 1360 620 1457 (Anno
650 1359 831 1452 Domini
861 1356 1213 1458 lllCCCLXXllllll.

211 1713 319 1808 Nota,
347 1714 443 1815 quod
470 1737 564 1790 anno
592 1713 736 1791 Domini
766 1715 952 1791 millesimo
987 1713 1185 1792 CCCLXX
1213 1724 1356 1809 octavu,
1384 1717 1477 1793 feria

213 1847 318 1914 sexta
345 1837 510 1938 proxima
537 1844 622 1914 ante
652 1838 865 1914 dominicam
885 1837 1001 1931 Oculi,
1030 1849 1196 1940 tempore
1219 1838 1401 1938 judicatus
1417 1841 1477 1942 Jo-

216 1963 340 2039 hannis
378 1961 438 2038 filii
466 1961 639 2060 Mar(tini)
678 1963 761 2039 dicti
798 1961 920 2038 Vasas
959 1969 1044 2038 acta
1080 1965 1307 2040 causancium
1346 1964 1477 2040 descri-

769 2086 909 2162 buntur.

738 2294 805 2378 (19.
827 2295 956 2378 martit).

321 2439 429 2500 Primo
454 2436 637 2499 Anthonius
665 2451 696 2500 et
720 2438 866 2499 Thomas
897 2450 1008 2500 contra
1033 2437 1230 2501 Peterlinum
1261 2438 1369 2521 primo
1393 2440 1480 2501 citati

216 2565 282 2608 non
306 2557 566 2626 comparuerunt.

322 2649 400 2711 ltem
418 2648 504 2710 lwan
528 2649 599 2711 Noz
624 2663 735 2711 contra
758 2649 930 2711 Nicolaum
958 2647 1062 2711 filium
1086 2648 1212 2711 Nicolai
1236 2649 1342 2732 primo
1367 2649 1481 2712 citatus

217 2775 282 2818 non
307 2754 497 2837 comparuit.

321 2861 400 2922 ltem
434 2861 522 2921 Luca
556 2858 698 2921 carnifex
733 2873 843 2922 contra
877 2859 1087 2922 Valentinum
1117 2860 1223 2943 primo
1261 2859 1377 2922 citatus
1416 2879 1482 2923 non

217 2967 407 3050 comparuit.

323 3072 401 3134 Item
438 3070 591 3134 Clemens
626 3084 715 3133 sutor
758 3085 869 3134 contra
904 3071 1086 3134 iohannem
1120 3072 1225 3153 primo
1262 3070 1377 3134 citatus
1416 3092 1482 3134 non

217 3176 407 3260 comparuit.

322 3283 401 3345 ltem
425 3281 617 3366 Mosnarych
642 3297 751 3346 contra
774 3271 947 3346 Nicolaum
979 3283 1117 3346 condam
1140 3282 1281 3365 judicem
1305 3285 1412 3367 primo
1439 3286 1483 3347 ci·

217 3400 301 3450 tatus
325 3407 391 3450 non
415 3389 605 3470 comparuit.

323 3493 402 3555 ltem
427 3493 534 3555 Mathe
565 3507 596 3556 et
627 3494 800 3557 Merclinus
831 3509 941 3556 contra
974 3495 1059 3556 lwan
1082 3507 1225 3557 sutorem
1256 3495 1363 3578 primo
1395 3495 1484 3558 citati

219 3620 284 3663 non
309 3616 567 3683 comparuerunt.

325 3705 405 3769 Item
422 3706 576 3768 Nicolaus
591 3705 676 3768 filius
692 3707 819 3769 Nicolai
837 3706 972 3768 Radeno
988 3707 1021 3768 in
1039 3706 1211 3790 quindenis
1227 3726 1324 3769 unam
1343 3726 1484 3770 marcam

219 3811 391 3895 persolvet.

323 3917 405 3979 Item
429 3918 586 3979 Renarius
610 3917 770 4001 Mychaeli
788 3917 949 4000 Orthophi
980 3919 1041 3979 XX
1072 3917 1142 3981 flor.
1167 3919 1235 3980 auri
1259 3919 1292 3980 in
1314 3918 1487 3999 quindenis

220 4023 393 4105 persolvet.

326 4128 404 4190 ltem
437 4129 590 4191 Nicolaus
625 4144 656 4191 et
689 4129 797 4192 Mathe
821 4128 878 4191 filii
910 4129 1049 4191 condam
1080 4128 1206 4192 Crisani
1237 4131 1323 4190 Luce
1355 4128 1486 4192 Bonioli

220 4234 345 4297 concivi
370 4249 479 4297 nostro
503 4249 624 4318 septem
649 4256 770 4298 marcas
794 4249 825 4298 et
847 4237 908 4298 XX
933 4235 1083 4298 denarios
1105 4236 1299 4318 persolvent.

328 4341 406 4403 ltem
431 4341 584 4404 Nicolaus
606 4341 692 4403 filius
717 4342 841 4404 Crisani
860 4341 1021 4424 Mychaeli
1039 4339 1156 4425 Ortofy
1180 4341 1213 4402 in
1237 4339 1411 4422 quindenis
1433 4362 1486 4404 sex

222 4446 320 4507 rubos
340 4447 461 4529 piperis
484 4448 666 4530 persolvere
691 4447 796 4510 debet.

329 4552 407 4614 Item
432 4551 535 4616 Ciffus
559 4567 669 4615 contra
700 4553 801 4615 Cursa
833 4552 1125 4615 molendinatorem
1156 4552 1261 4634 primo
1286 4551 1400 4613 citatus
1422 4572 1487 4615 non

224 4659 416 4740 comparuit.

329 4764 408 4826 ltem
434 4763 562 4827 Gerdak
587 4779 695 4827 contra
719 4763 907 4847 Philippum
932 4764 1037 4848 primo
1061 4765 1175 4827 citatus
1199 4782 1263 4825 non
1297 4763 1489 4914 comparuit.
