3472 5234
604 357 802 437 Ann01378.
828 394 868 404 -
893 373 940 437 17.
965 362 1138 435 septembris.
1455 381 1510 440 ¹55

244 571 381 633 eandem
406 572 607 633 solucionem
632 571 775 652 quinque
801 589 979 632 marcarum
1009 569 1162 653 Gyurgek
1193 571 1366 653 calcaripar
1391 571 1508 633 eodem

243 691 390 760 tempore
415 677 579 740 exsolvere
604 677 774 759 assumpsit
798 677 940 740 indilate.

353 801 432 864 Item
457 821 550 863 causa
576 801 707 882 Georgii
732 801 847 863 literati
873 815 904 862 et
920 801 1075 863 iohannis
1095 801 1236 864 Chemer
1260 816 1306 865 est
1330 816 1403 884 post
1426 821 1511 863 resa·

245 906 415 968 necionem
441 907 541 989 ipsius
566 906 698 989 Georgii
731 906 770 968 ad
804 907 944 989 primum
977 907 1130 988 judicium
1157 928 1213 990 per
1244 908 1511 970 communitatem

244 1028 425 1094 prorogata.

350 1119 430 1182 Item
454 1140 548 1182 causa
565 1120 690 1182 Nicolai
716 1120 882 1182 assessoris
906 1134 936 1180 et
954 1119 1130 1202 Mychaelis
1154 1134 1200 1182 est
1217 1135 1289 1202 post
1312 1119 1511 1181 vindemiam

243 1225 284 1287 ed
310 1226 449 1308 primum
474 1226 629 1306 judicium
651 1239 776 1308 recepte
801 1226 841 1287 ad
866 1245 989 1307 pacem.

350 1331 429 1393 Item
461 1332 574 1393 Petrus
606 1332 745 1393 decanus
777 1345 886 1393 contra
920 1332 1129 1394 BenedIctum
1167 1332 1272 1413 primo
1310 1331 1430 1414 judicio
1462 1352 1510 1394 re·

243 1437 426 1518 spondebit.

350 1543 429 1605 Item
464 1544 646 1605 Alexander
684 1558 793 1605 contra
826 1543 995 1605 Priezorch
1031 1544 1135 1626 primo
1176 1545 1289 1606 citatus
1323 1563 1389 1605 non
1421 1562 1510 1605 com·

242 1650 358 1733 paruit.

351 1756 428 1817 Item
453 1775 547 1817 causa
571 1755 726 1817 Iohannis
750 1769 781 1817 et
808 1755 933 1817 Nicolai
966 1755 1132 1816 assessoris
1164 1768 1211 1817 est
1234 1774 1291 1836 per
1316 1754 1509 1817 Mauricium

243 1863 284 1924 ad
308 1863 447 1944 primum
473 1861 628 1942 judicium
653 1875 778 1943 recepte
803 1862 842 1922 ad
867 1881 991 1943 pacem.

348 1985 427 2046 Item
452 1985 588 2046 Mathies
612 1988 756 2068 oroznyk
780 2005 836 2066 ρετ
854 1985 1028 2046 Martisum
1046 1983 1189 2047 Gecham
1207 1998 1237 2046 et
1255 1985 1376 2046 Lucam
1393 2001 1503 2046 contra

243 2090 407 2153 Thomam
433 2106 547 2153 octavo
572 2091 623 2152 die
648 2091 804 2169 atestabit,
828 2091 915 2172 quod
949 2109 1082 2152 uxorem
1113 2110 1203 2151 suam
1228 2090 1375 2173 turpibus
1398 2089 1504 2151 verbis

242 2196 409 2267 affecisset.

346 2302 425 2364 Item
439 2303 603 2363 universas
615 2303 832 2383 possessiones
849 2302 880 2363 in
899 2303 997 2364 nostri
1016 2302 1123 2364 medio
1141 2316 1171 2364 et
1188 2303 1256 2363 eius
1268 2300 1429 2364 territorio
1446 2299 1501 2360 ha·

241 2409 322 2469 bitas
346 2422 377 2470 et
400 2409 571 2469 existentes
587 2407 672 2488 juxta
689 2409 803 2470 seriem
829 2423 859 2470 et
882 2409 1117 2471 contInenciam
1136 2424 1315 2471 nostrarum
1340 2408 1505 2469 literarum

240 2514 490 2597 privilegialium
515 2514 667 2594 magistro
693 2514 857 2596 Stephano
890 2515 929 2576 de
954 2514 1133 2576 Monozlou
1165 2529 1273 2577 nostro
1298 2513 1423 2575 concivi
1447 2513 1503 2574 ad·

240 2619 454 2700 judicavimus
478 2634 633 2702 perpetuo
658 2620 885 2702 possidendas;
917 2621 1019 2703 ipsam
1051 2635 1158 2682 eutem
1191 2639 1319 2683 causam
1351 2620 1505 2682 Nicolaus

240 2724 324 2787 filius
347 2725 519 2786 Alexandri
545 2725 584 2786 ad
610 2727 760 2807 antiquos
791 2725 913 2807 judices
944 2726 1120 2808 appellavit
1153 2728 1194 2788 ad
1226 2728 1394 2788 sabbatum
1421 2745 1505 2787 nunc

240 2831 422 2893 instantem.

346 2937 424 3000 Item
438 2937 622 2999 Anthonius
636 2939 650 2999 I
655 2937 760 2999 ussich
777 2951 887 3000 contra
901 2939 1015 3000 Paulas
1029 2940 1133 3021 primo
1151 2939 1272 3021 judicio
1285 2939 1503 3021 respondebit.

346 3060 423 3122 Item
450 3060 567 3122 Paulus
592 3060 752 3122 aurifaber
776 3076 886 3123 contra
911 3062 1074 3124 Geninum
1100 3061 1240 3144 juratum
1262 3062 1367 3144 primo
1391 3062 1505 3124 citatus

240 3185 304 3227 non
329 3167 519 3248 comperuit.

347 3273 424 3334 Item
450 3293 542 3334 causa
575 3292 686 3333 voscar
717 3287 748 3335 et
780 3274 925 3335 Mauricii
958 3287 1005 3335 est
1036 3293 1091 3356 per
1117 3273 1258 3356 Filipum
1291 3274 1331 3335 ad
1363 3274 1503 3356 primum

239 3377 394 3460 judicium
420 3393 545 3460 recepta
570 3380 610 3440 ad
633 3399 755 3461 pacem,
780 3379 925 3461 alioquin
950 3381 1167 3464 respondebit.

344 3501 421 3565 Item
447 3503 647 3583 Margaretha
673 3504 788 3565 mulier
813 3518 927 3566 octavo
951 3504 1003 3565 die
1027 3525 1059 3566 se
1087 3504 1228 3567 secunda
1250 3506 1368 3588 jurabit
1395 3505 1427 3566 in
1451 3523 1503 3584 eo,

239 3608 327 3689 quod
355 3609 456 3690 ipsam
481 3609 637 3670 Martinus
661 3609 836 3691 Hungarus
859 3611 1083 3676 vulneraverit.

345 3733 423 3794 Item
441 3733 603 3795 Iohannes
627 3733 743 3794 lieber
767 3749 876 3806 contre
895 3733 1048 3817 Gyurgek
1065 3735 1295 3817 calcariparum
1319 3748 1434 3797 octavo
1451 3734 1503 3797 die

238 3835 367 3918 jurabit,
392 3837 480 3919 quod
505 3839 609 3921 ipsum
634 3858 699 3900 non
724 3840 938 3902 vulneraverit
961 3860 1020 3901 nec
1044 3842 1243 3922 percusserit.

346 3943 423 4004 Item
448 3943 610 4005 lohannes
626 3945 733 4006 literas
757 3958 787 4007 et
803 3946 865 4007 alie
888 3947 973 4007 bone
990 3947 1139 4008 universa
1155 3947 1330 4009 Benedicto
1347 3947 1391 4007 W
1394 3945 1502 4007 ardich

237 4047 374 4109 restituit
398 4067 505 4109 coram
531 4050 634 4127 nobis,
660 4050 763 4133 ipsum
789 4051 973 4133 expeditum
998 4051 1174 4114 reddendo.

345 4153 423 4214 Item
449 4174 542 4216 causa
568 4155 707 4217 Ladislai
739 4155 832 4238 jurati
865 4170 896 4217 et
924 4157 1007 4218 Petri
1033 4157 1143 4219 estad
1175 4157 1314 4239 primum
1346 4156 1502 4237 judicium

237 4272 309 4340 post
334 4258 531 4322 vindemiam
556 4281 612 4343 per
634 4262 804 4324 Nicolaum
830 4261 954 4325 Odolas
977 4277 1103 4345 recepte
1127 4263 1167 4325 ed
1192 4283 1314 4346 pacem.

342 4382 421 4445 Item
453 4404 546 4446 causa
580 4384 723 4466 Georgii,
748 4386 954 4469 Wlkouyche
986 4403 1016 4449 et
1052 4388 1122 4450 Elie
1155 4404 1201 4451 est
1233 4408 1290 4470 per
1321 4388 1501 4448 Iohannem

238 4488 354 4550 Lieber
379 4489 418 4550 ad
443 4491 582 4571 primum
608 4490 763 4572 judicium
789 4507 913 4575 recepte
942 4493 981 4554 ad
1006 4513 1129 4577 pacem.

342 4594 422 4656 Item
455 4594 626 4657 Chuethko
658 4610 772 4659 octavo
801 4598 853 4660 die
887 4613 952 4660 met
981 4600 1097 4661 tercius
1128 4599 1245 4679 jurabit
1277 4600 1309 4660 in
1337 4619 1387 4677 eo,
1411 4599 1500 4680 quod

237 4699 302 4781 ipse
329 4720 386 4762 nec
410 4721 467 4762 sua
497 4722 577 4763 uxor
607 4723 663 4764 sua
695 4704 780 4765 bona
805 4723 869 4766 non
903 4703 1071 4783 furaverit;
1098 4705 1218 4768 ibidem
1252 4704 1379 4787 jurabit,
1411 4705 1500 4786 quod

236 4805 303 4887 ipse
327 4807 529 4869 Anthonium
551 4807 689 4889 juratum
716 4829 780 4871 non
805 4811 1043 4892 vituperaverit.
