3472 5234
649 325 735 382 Anno
758 318 852 400 1383.
874 357 919 367 —
940 335 990 400 27.
1006 324 1170 399 februarii.
1485 324 1543 407 189

383 534 462 596 Item
487 534 569 594 Rees
594 547 705 595 contra
730 532 885 594 Mathiam
902 532 1041 595 condam
1065 532 1203 612 iuratum
1221 535 1326 617 primo
1348 535 1462 597 citatus
1477 555 1544 597 non

278 639 468 721 comparuit.

384 743 462 805 Item
487 743 619 805 domina
642 743 752 805 relicta
782 743 885 825 Sorga
915 759 1025 808 contra
1050 745 1192 807 Brumen
1216 745 1414 808 aurifabrum
1438 746 1544 829 primo

278 849 372 911 citata
395 868 461 911 non
485 849 675 932 comparuit.

385 974 464 1035 Item
482 973 627 1035 Thomas
651 974 794 1057 Dragym
819 988 931 1037 contra
954 975 1133 1056 Georgium
1158 975 1301 1038 secundo
1336 976 1451 1039 citatus
1479 996 1544 1039 non

278 1081 470 1162 comparuit.

385 1187 464 1248 Item
489 1186 607 1266 Paulus
629 1184 789 1248 aurifaber
814 1198 924 1248 contra
948 1182 1112 1249 Thomam
1143 1184 1377 1269 carpentarium
1402 1190 1544 1250 secundo

279 1292 392 1354 citatus
415 1311 480 1354 non
506 1292 696 1374 comparuit.

382 1396 461 1461 Item
488 1396 634 1481 Mychael
650 1397 736 1459 filius
760 1398 910 1460 Damiani
927 1412 1037 1461 contra
1062 1398 1217 1461 Mathiam
1235 1399 1422 1462 Cusiubach
1438 1400 1544 1483 primo

186 1509 191 1517 '
277 1503 391 1565 citatus
414 1522 479 1564 non
509 1503 699 1585 comparuit.

382 1627 461 1688 Item
486 1627 636 1688 Marenus
659 1627 797 1689 condam
821 1626 942 1707 juratus
962 1641 1071 1690 contra
1096 1627 1264 1692 dominam
1288 1629 1432 1691 relictam
1459 1629 1545 1691 Petri

277 1731 382 1812 primo
406 1732 520 1794 citatus
543 1751 609 1794 non
638 1733 829 1814 comparuit.

384 1839 461 1900 Item
493 1838 660 1922 Philippus
695 1837 813 1920 figulus
849 1853 958 1902 contra
990 1838 1122 1923 Gyuran
1159 1841 1302 1904 secundo
1333 1841 1448 1903 citatus
1478 1861 1544 1904 non

278 1945 467 2026 comparuit.

385 2051 464 2112 Item
488 2050 652 2113 Corardus
668 2065 756 2113 sutor
773 2065 882 2114 contra
900 2051 1095 2135 Gregorium
1112 2052 1218 2136 primo
1238 2054 1351 2116 citatus
1367 2073 1432 2116 non
1458 2074 1546 2116 com·

279 2156 394 2237 paruit.

385 2262 465 2324 Item
479 2263 564 2325 iwan
576 2263 734 2326 Wrouich
753 2277 862 2325 contra
881 2263 1005 2325 Malech
1022 2265 1128 2347 primo
1145 2265 1259 2327 citatus
1276 2284 1341 2326 non
1354 2266 1546 2348 comparuit.

384 2368 463 2429 Item
476 2369 574 2451 Elyas
597 2389 713 2452 parvus
745 2384 856 2431 contra
881 2369 1081 2452 Stephanum
1107 2370 1173 2430 Rez
1204 2371 1310 2453 primo
1334 2370 1448 2432 citatus
1478 2390 1544 2432 non

280 2475 470 2556 comparuit.

385 2580 465 2642 Item
497 2601 591 2642 causa
623 2581 746 2644 Mareni
779 2595 889 2643 contra
922 2579 1100 2663 Georgium
1132 2581 1172 2643 ad
1203 2594 1354 2643 octavum
1386 2581 1473 2643 diem
1504 2580 1546 2643 ad

278 2705 390 2767 pacem
416 2699 464 2748 est
487 2702 623 2769 recepta.

386 2792 464 2854 Item
489 2793 642 2855 Nicolaus
667 2793 770 2876 Cigan
795 2808 905 2856 contra
929 2794 1058 2856 Petrum
1083 2806 1238 2855 sartorem
1262 2793 1404 2855 secundo
1431 2794 1546 2855 citatus

279 2917 344 2959 non
369 2900 559 2981 comparuit.

386 3022 464 3084 Item
489 3024 605 3106 Mykus
629 3022 841 3086 Cernichicha
866 3036 975 3085 contra
1000 3024 1156 3085 Jacobum
1175 3023 1254 3085 bole
1278 3036 1392 3085 octavo
1419 3021 1471 3084 die
1497 3042 1545 3085 re·

279 3130 460 3213 spondebit.

384 3237 462 3299 Item
487 3237 599 3299 Petrus
622 3251 731 3299 contra
756 3237 912 3298 Jacobum
937 3236 1017 3299 Bole
1045 3250 1160 3299 octavo
1185 3235 1237 3297 die
1261 3234 1482 3318 respondebit.

386 3343 464 3404 ftem
489 3342 596 3405 Endre
615 3343 681 3425 Syb
705 3354 819 3404 octavo
837 3342 890 3404 die
913 3341 1054 3404 secundo
1078 3361 1111 3404 se
1128 3361 1223 3423 super
1247 3359 1286 3403 eo
1310 3340 1438 3422 jurabit,
1456 3339 1546 3422 quod

279 3448 339 3509 sibi
360 3448 522 3509 iohannes
546 3447 711 3510 familiaris
727 3447 900 3510 duodecim
923 3449 1030 3531 pensis
1046 3448 1173 3510 debitor
1189 3445 1295 3526 fuerit,
1319 3461 1350 3508 et
1373 3466 1469 3528 super
1485 3446 1545 3507 mi-

280 3554 350 3615 nori
373 3555 509 3635 pecunia
534 3553 640 3633 jurare
663 3567 779 3636 potest,
804 3554 829 3615 si
854 3554 933 3617 vult.

389 3678 468 3740 Item
486 3678 573 3740 idem
589 3677 751 3739 Johannes
775 3697 872 3739 unam
889 3678 1044 3740 tunellam
1062 3677 1168 3739 eidem
1186 3677 1294 3739 Endre
1310 3695 1412 3758 usque
1428 3674 1545 3738 festum

280 3783 523 3866 Assumpcionis
547 3785 638 3846 beate
663 3783 796 3864 virginis
820 3784 984 3846 restituere
1009 3783 1114 3862 debet,
1140 3784 1190 3845 vel
1214 3784 1240 3844 si
1264 3802 1331 3845 non
1355 3781 1474 3865 poterit
1497 3800 1545 3842 re·

280 3890 421 3967 stituere,
445 3903 521 3951 tunc
545 3889 688 3971 precium
713 3890 782 3951 eius
806 3890 909 3952 solvet
932 3909 1028 3972 super
1048 3903 1168 3971 quanta
1191 3888 1328 3970 pecunia
1352 3888 1420 3969 ipse
1437 3886 1546 3948 Endre

280 3995 409 4076 juraret.

386 4101 463 4163 Item
488 4101 680 4162 Dominicus
704 4115 814 4163 contra
831 4102 968 4163 Elenam
992 4100 1161 4163 mulierem
1182 4098 1325 4161 secundo
1350 4098 1464 4159 citatus
1479 4115 1545 4158 non

281 4207 469 4289 comparuit.

387 4312 465 4374 item
490 4312 636 4374 Thomas
661 4311 878 4394 carpentarius
899 4326 1008 4374 contra
1034 4310 1232 4394 Stephanum
1250 4309 1406 4372 Crisozlai
1432 4319 1546 4370 octavo

281 4421 332 4482 die
358 4420 575 4503 respondebit.

387 4527 464 4588 Item
497 4525 694 4587 Laurencius
718 4539 827 4587 contra
852 4523 967 4606 Vyden
992 4523 1097 4606 primo
1118 4523 1233 4585 citatus
1257 4540 1322 4583 non
1356 4519 1547 4602 comparuit.

387 4651 466 4713 Item
499 4670 592 4713 causa
625 4649 744 4712 Cosme
776 4647 928 4711 aurifabri
957 4663 991 4711 et-
1018 4648 1137 4710 Paulus
1167 4660 1277 4709 contra
1301 4645 1473 4707 Nicolaum
1505 4642 1546 4705 ad

281 4772 430 4819 octavum
454 4757 541 4819 diem
565 4755 605 4818 ad
630 4775 741 4838 pacem
766 4769 813 4818 est
836 4768 972 4837 recepta.
