3472 5234
623 328 818 418 Anno1377.
844 375 885 384 —
909 356 959 402 22.
983 343 1064 401 maii.
1199 389 1200 392 η
1441 340 1483 418 89

324 552 402 615 Item
427 553 565 614 Iacobus
582 551 743 633 predictus
766 550 896 632 pellifex
913 550 1030 632 iurabit
1046 572 1079 613 se
1101 552 1260 613 secundus
1284 565 1402 613 octavo
1419 551 1482 630 die,

219 658 307 741 quod
333 660 400 741 ipse
424 659 510 720 dicto
535 658 621 739 Span
645 678 698 718 sex
722 658 829 740 pensis
857 657 1063 719 denariorum
1091 676 1156 718 non
1181 670 1351 721 teneretur.

324 766 402 829 Item
426 765 545 827 Paulus
570 763 757 826 Menchicha
790 778 899 826 contra
924 764 1032 826 Mathe
1064 778 1205 825 sutorem
1230 765 1336 847 primo
1369 764 1482 826 citatus

219 891 283 934 non
307 872 497 955 comparuit.

324 977 402 1039 Item
426 978 593 1040 Emericus
618 977 706 1040 faber
729 977 834 1059 primo
866 977 980 1039 citatus
1011 970 1076 1039 non
1101 977 1289 1060 comparuit.

325 1084 403 1146 Item
421 1084 593 1146 Chuethiro
610 1097 720 1146 contra
737 1082 938 1145 Anthonium
957 1084 1062 1165 primo
1079 1084 1193 1146 citatus
1211 1105 1275 1146 non
1293 1085 1481 1167 comparuit.

325 1189 403 1251 Item
426 1191 531 1252 Loure
557 1204 667 1252 contra
692 1188 867 1250 Bedicham
891 1203 1005 1251 octavo
1027 1190 1079 1251 die
1103 1190 1320 1272 respondebit.

326 1294 404 1356 Item
429 1315 522 1357 causa
547 1296 630 1358 Petri
658 1296 787 1357 sartoris
821 1309 851 1357 et
875 1292 967 1357 Cifus
991 1309 1037 1356 est
1068 1316 1124 1377 per
1149 1295 1327 1378 Georgium
1351 1296 1481 1358 calcari-

220 1419 334 1482 parum
359 1401 550 1484 etMykech
575 1402 732 1464 decanum
756 1401 797 1462 ad
821 1416 894 1463 octo
918 1401 986 1463 dies
1010 1416 1134 1484 recepta
1158 1402 1199 1463 ad
1223 1422 1346 1483 pacem.

325 1506 404 1568 Item
428 1507 570 1569 Briccius
593 1521 702 1569 contra
720 1506 899 1568 Iohannem
916 1507 1058 1569 secundo
1076 1508 1188 1569 citatus
1204 1527 1269 1570 non
1288 1510 1477 1591 comparuit.

327 1612 404 1674 Item
430 1613 591 1675 Johannes
616 1612 778 1675 Chemerii
811 1625 920 1674 contra
945 1611 1123 1694 Georgium
1155 1613 1315 1676 literatum
1340 1615 1482 1677 secundo

220 1718 333 1781 citatus
361 1738 425 1780 non
459 1717 647 1801 comparuit.

324 1825 402 1887 Item
426 1845 521 1887 causa
545 1825 653 1887 relicte
688 1825 841 1907 Stephani
874 1826 986 1887 Bozou
1019 1839 1128 1887 contra
1154 1826 1353 1889 Anthonium
1379 1827 1478 1888 Renis

220 1942 267 1991 est
290 1950 347 2012 per
371 1930 569 2011 Stephanum
594 1931 670 1993 Iaxe
694 1930 734 1992 ad
759 1931 898 2014 primum
922 1932 970 1992 sui
995 1932 1151 1993 adventus
1174 1930 1213 1992 de
1237 1931 1329 1993 Buda
1352 1945 1477 2015 recepta
1567 1931 1572 1939 ’

218 2035 259 2096 ad
282 2055 405 2117 pacem.

322 2140 401 2204 Item
426 2142 587 2224 Georgius
604 2142 722 2217 iuratus
739 2159 769 2206 et
794 2143 929 2205 Mathias
945 2144 1172 2226 stipendiarius
1189 2158 1298 2206 contra
1318 2143 1482 2206 Geninum

219 2261 335 2309 octavo
359 2247 411 2311 die
435 2248 685 2330 respondebunt.

326 2353 402 2415 Item
428 2353 619 2417 Valentinus
644 2354 805 2437 MaIInych
824 2369 934 2417 contra
955 2356 1126 2419 Nicolaum
1149 2357 1256 2440 primo
1280 2356 1393 2418 citatus
1416 2375 1482 2417 non

219 2460 409 2542 comparuit.

324 2565 402 2628 Item
428 2567 535 2629 Mathe
558 2581 647 2629 sutor
670 2582 780 2630 contra
798 2567 1019 2631 Lehcumuald
1043 2571 1149 2652 primo
1166 2571 1280 2634 citatus
1304 2590 1370 2633 non
1395 2590 1481 2633 com·
1542 2574 1545 2579 ’

219 2672 333 2743 paruit.

323 2778 400 2840 Item
426 2799 520 2841 causa
545 2779 698 2861 Stephani
723 2793 754 2841 et
778 2779 932 2841 Iohannis
949 2780 1111 2843 Chemerii
1136 2795 1183 2844 est
1206 2802 1262 2863 per
1286 2782 1425 2863 judicem
1450 2797 1482 2847 et

219 2882 339 2964 juratos
363 2884 402 2946 ad
427 2899 500 2947 octo
526 2887 593 2947 dies
620 2899 801 2968 prorogata.

323 3100 421 3177 Faria
448 3113 547 3178 sexta
583 3109 738 3194 proxima
766 3114 844 3179 ante
881 3107 1004 3179 festum
1036 3114 1153 3178 sancte
1180 3105 1374 3179 Trinitatis.

759 3260 822 3337 (22.
846 3261 940 3338 maii).

324 3397 432 3460 Primo
456 3418 551 3460 causa
576 3399 663 3482 Span
687 3414 717 3461 et
748 3401 859 3462 Jacobi
884 3413 930 3463 est
961 3419 1018 3483 per
1041 3411 1138 3462 testes
1161 3400 1202 3462 ad
1226 3413 1299 3462 octo
1333 3400 1401 3462 dies
1433 3420 1481 3462 re·

218 3517 311 3584 cepta
336 3503 376 3589 ad
398 3523 521 3586 pacem.

323 3609 401 3672 Item
434 3610 623 3673 Pauerlinus
655 3625 763 3675 contra
796 3612 903 3674 Mathe
935 3613 1094 3675 decanum
1134 3614 1238 3687 primo
1270 3613 1383 3675 citatus
1415 3632 1481 3675 non

218 3716 419 3798 comparuit..

323 3820 401 3883 Item
426 3822 623 3884 Laurencius
647 3837 755 3884 contra
781 3821 958 3904 Georgium
983 3836 1098 3886 octavo
1132 3824 1184 3886 die
1208 3823 1426 3906 respondebit.

323 3927 400 3989 Item
433 3928 517 3990 iwan
551 3928 808 4012 Huzarenouych
842 3943 952 3992 contra
985 3931 1115 3992 Petrum
1146 3931 1344 3993 sacerdotem
1376 3930 1481 4013 primo

219 4033 333 4096 citatus
357 4053 421 4096 non
447 4036 636 4116 comparuit.

323 4140 401 4202 Item
426 4140 578 4223 Gyurgek
596 4154 705 4202 contra
722 4141 902 4204 Iohannem
926 4144 1031 4225 primo
1059 4144 1172 4206 citatus
1195 4164 1261 4205 non
1289 4144 1478 4226 comparuit.

322 4246 401 4309 Item
425 4246 585 4328 Georgius
609 4261 719 4310 contra
737 4249 865 4311 Petrum
890 4251 994 4333 primo
1019 4250 1131 4312 citatus
1155 4270 1219 4311 non
1245 4250 1434 4333 comparuit.

322 4352 400 4415 Item
434 4353 595 4416 Johannes
618 4354 702 4417 filius
725 4355 845 4418 chhk
875 4371 984 4418 contra
1018 4357 1195 4438 Georgium
1227 4358 1332 4440 primo
1367 4358 1480 4420 citatus

217 4477 282 4520 non
307 4460 496 4541 comparuit.

322 4565 399 4627 Item
425 4586 518 4628 causa
543 4567 675 4648 Georgii
705 4567 820 4632 literati
853 4583 883 4630 et
907 4568 1061 4630 Iohannis
1092 4568 1256 4632 Chemerii
1281 4583 1328 4631 est
1351 4589 1407 4653 per
1431 4569 1479 4651 ju-

217 4669 320 4734 dicem
343 4672 384 4733 ad
408 4685 481 4734 octo
506 4673 573 4734 dies
596 4675 655 4735 sub
679 4672 783 4735 forma
806 4673 912 4737 fiende
930 4674 1017 4757 pacis
1041 4688 1223 4756 prorogata,
1247 4696 1282 4738 ac
1306 4689 1478 4738 testamen·

216 4790 284 4838 tum
308 4778 437 4840 Martini
462 4779 615 4840 institoris
639 4799 695 4862 per
719 4780 858 4842 eundem
884 4780 1063 4843 Iohannem
1087 4781 1349 4865 presentandum.
