3472 5234
1402 468 1418 473 ς
1438 377 1498 440 343

235 571 329 633 vinea
355 569 432 632 dicti
458 569 600 651 magistri
615 569 705 631 Pauli
730 569 771 630 ad
795 568 908 651 viginti
935 585 964 630 et
988 583 1061 631 octo
1078 569 1204 651 ligones
1227 568 1371 651 predicto
1389 569 1498 631 Marco

235 676 447 759 adjudicasset
470 675 709 758 ligonizandam
734 675 827 737 metis
839 675 980 757 ipsarum
1004 675 1170 737 vinearum
1195 694 1260 737 non
1284 675 1498 754 obstantibus,

236 796 267 845 et
291 783 392 845 eciam
424 781 499 864 quia
532 783 598 864 ipsa
630 780 832 862 adjudicatio
862 781 976 862 judicis
1007 795 1038 843 et
1070 781 1246 861 juratorum
1278 781 1496 863 predictorum

236 888 382 970 predicto
400 888 552 969 magistro
570 888 671 949 Paulo
696 886 806 968 injure
824 907 883 949 suo
899 888 1162 966 contrariebatur,
1188 887 1287 969 ipsam
1305 907 1434 949 causam
1458 888 1498 949 ad

239 995 389 1076 antiquos
405 993 526 1076 judices
550 992 756 1076 appellasset;
774 1013 833 1054 nos
848 993 1008 1075 siquidem
1032 994 1155 1075 antiqui
1174 992 1295 1075 judices
1318 1013 1376 1076 pro
1400 993 1498 1055 tribu-

239 1101 301 1162 nali
328 1100 544 1178 consedendo,
569 1100 665 1161 deum
690 1119 745 1181 pre
764 1099 866 1161 oculis
882 1100 1032 1162 habendo
1050 1113 1080 1162 et
1098 1100 1166 1162 eius
1181 1099 1339 1181 justiciam
1364 1099 1497 1162 ferendo

238 1208 391 1290 precipue
415 1207 490 1288 quia
516 1207 617 1289 ipsam
642 1206 769 1268 vineam
794 1206 826 1267 in
854 1226 909 1267 sua
934 1226 1007 1267 vera
1039 1220 1070 1268 et
1094 1218 1177 1268 recta
1208 1219 1293 1269 meta
1318 1205 1385 1267 fore
1410 1226 1499 1288 repe·

236 1313 337 1375 rimus
359 1313 501 1375 existisse
525 1312 612 1392 juxta
629 1311 766 1373 formam
790 1312 954 1373 literarum
983 1312 1106 1373 domiui
1125 1311 1300 1395 Mychaelis
1325 1311 1381 1373 filii
1401 1312 1497 1373 Fran-

237 1418 311 1481 cisci
336 1418 472 1481 condam
497 1418 612 1502 judicis
636 1418 734 1479 nostri
760 1431 790 1479 et
814 1418 954 1479 concivis
978 1432 1073 1499 prout
1097 1418 1237 1480 eundem
1260 1418 1426 1480 Marchum
1443 1438 1499 1480 sua

238 1538 339 1587 mater
362 1538 393 1587 et
415 1543 540 1586 sorores
565 1523 722 1585 metaliter
743 1522 974 1585 distincsissent
997 1539 1028 1585 et
1059 1523 1250 1602 divisissent,
1275 1536 1306 1585 et
1330 1523 1405 1605 quia
1436 1544 1499 1585 una

236 1649 327 1692 soror
351 1630 484 1713 predicti
511 1631 613 1709 Mark,
636 1633 763 1709 Agnesa
787 1642 910 1707 vocata,
937 1629 1041 1691 adhuc
1065 1629 1097 1689 in
1122 1642 1205 1691 etate
1230 1629 1332 1691 nubili
1358 1629 1499 1691 existens

236 1736 382 1799 intestata
418 1735 620 1814 decessisset,
657 1735 779 1816 relique
812 1747 919 1796 autem
950 1735 1013 1796 due
1053 1754 1179 1797 sorores
1211 1734 1437 1797 remansissent
1469 1751 1500 1797 et

236 1843 347 1904 Marko
372 1843 534 1925 predictus
562 1841 658 1904 frater
690 1842 830 1924 ipsarum
862 1860 1028 1920 sororum,
1061 1841 1135 1903 ideo
1166 1840 1343 1923 predictam
1368 1841 1496 1902 vineam

235 1948 376 2029 magistri
396 1948 486 2010 Pauli
511 1947 552 2009 ad
569 1947 740 2009 duodecim
758 1947 927 2029 porciones
947 1946 1100 2028 perhanc
1125 1961 1266 2008 nostram
1291 1945 1495 2008 diffinitivam

234 2054 430 2115 sentenciam
444 2052 708 2135 adjudicavimus,
725 2050 834 2114 funem
849 2051 1016 2130 trahendo,
1033 2051 1251 2130 dividendam,
1265 2049 1389 2133 prelato
1407 2053 1497 2114 Mark

235 2159 336 2241 ipsam
353 2158 580 2221 duodecimam
594 2171 716 2239 partem
733 2177 790 2240 per
806 2157 983 2239 predictum
1001 2157 1188 2238 magistrum
1203 2157 1338 2219 Paulum
1356 2157 1496 2220 dandam

235 2278 266 2328 et
296 2265 519 2327 remittendam
553 2285 570 2326 a
601 2279 690 2346 parte
721 2264 814 2325 vinee
846 2263 944 2324 Marci
977 2262 1033 2324 filii
1067 2262 1235 2325 Chernech
1272 2262 1347 2324 dicti
1382 2263 1498 2325 Putaui

234 2371 373 2450 anotati,
405 2370 527 2453 prefato
561 2371 650 2432 Marlr
682 2385 872 2452 perpetuum
904 2369 1072 2430 silencium
1105 2370 1232 2431 racione
1257 2370 1364 2450 previa
1396 2369 1496 2451 ipsius

235 2475 327 2537 vinee
351 2488 383 2538 et
405 2477 469 2538 suis
493 2476 627 2558 posteris
652 2475 849 2556 inponendo

340 2581 419 2644 ltem
445 2581 621 2664 predictam
647 2581 773 2642 vineam
807 2581 918 2642 Marko
943 2579 1056 2640 Putani
1089 2578 1195 2641 eidem
1219 2579 1372 2660 magistro
1397 2580 1499 2642 Paulo

235 2687 370 2749 omnino
396 2700 427 2749 et
449 2687 590 2750 totaliter
614 2706 686 2748 curn
711 2687 777 2747 suis
807 2685 929 2767 juribus
953 2698 984 2746 et
1014 2685 1220 2766 pertinenciis
1251 2685 1316 2747 suis
1341 2686 1498 2747 universis

235 2794 356 2856 remisit
379 2807 411 2857 et
434 2793 565 2875 reliquit
581 2794 640 2855 sub
665 2792 786 2855 eisdem
810 2791 903 2853 metis
920 2804 950 2852 et
973 2790 1118 2852 terminis
1133 2803 1230 2872 prout
1245 2789 1348 2872 ipsam
1365 2790 1498 2852 domina

234 2904 327 2962 Anna
353 2920 432 2962 uxor
456 2900 554 2982 ipsius
578 2899 720 2980 magistri
745 2897 835 2960 Pauli
860 2897 920 2959 sibi
949 2895 1089 2957 dedisset
1112 2908 1143 2956 et
1173 2896 1309 2975 legasset
1332 2896 1388 2957 tali
1413 2897 1495 2958 obli·

234 3007 371 3086 gecione
396 3005 571 3088 interjecta,
599 3005 688 3087 quod
712 3004 737 3065 si
762 3003 847 3066 idem
882 3003 971 3065 Marlr
1003 3015 1113 3063 contra
1138 3001 1276 3063 eundem
1307 3003 1495 3082 magistrum

237 3112 372 3174 Paulum
387 3125 442 3174 aut
465 3112 513 3173 sui
538 3111 655 3194 posteri
681 3111 809 3172 racione
834 3109 933 3192 ipsius
949 3108 1042 3170 vinee
1067 3107 1244 3188 insurgeret
1261 3108 1424 3170 maliciose
1443 3123 1498 3171 aut

235 3218 374 3299 litigiose
399 3218 450 3280 vel
476 3218 580 3300 ipsum
604 3217 752 3299 turpibus
775 3217 879 3277 verbis
903 3215 1087 3296 deturparet
1115 3213 1282 3275 usualibus
1304 3234 1360 3275 seu
1386 3214 1496 3276 vulne·

235 3340 317 3386 reret
341 3337 456 3386 extunc
481 3324 513 3385 in
538 3324 627 3385 XXV
651 3323 766 3385 marcis
790 3322 858 3384 sine
882 3320 996 3403 judicis
1024 3320 1177 3402 porcione
1201 3332 1233 3381 et
1257 3319 1289 3380 in
1314 3320 1497 3402 calumpnia

235 3444 347 3492 contra
371 3429 550 3513 predictum
576 3429 764 3510 magistrum
793 3428 929 3490 Paulum
961 3427 1204 3489 convinceretur
1235 3426 1305 3507 ipso
1330 3424 1433 3503 sacto;
1458 3426 1497 3487 ad

235 3555 298 3618 que
323 3536 432 3598 omnia
457 3550 487 3598 et
505 3536 630 3618 singula
646 3535 875 3618 premissorum
895 3532 1037 3616 prelatus
1055 3533 1144 3595 Marlr
1168 3551 1202 3594 se
1219 3531 1383 3594 voluntate
1400 3551 1496 3614 spou-

234 3657 326 3705 tanea
352 3642 485 3705 firmiter
508 3642 664 3724 obligavit
688 3660 796 3703 coram
822 3641 926 3703 nobis.
1390 3632 1393 3640 '

342 3749 420 3811 ltem
444 3748 548 3810 lwech
573 3748 612 3810 de
629 3760 740 3810 sancto
766 3747 908 3830 Symoue
932 3765 964 3807 se
989 3744 1129 3807 reddidit
1146 3743 1185 3805 ad
1212 3743 1303 3805 dacia
1326 3742 1495 3805 tribuenda

236 3869 343 3917 nostre
367 3855 591 3917 communitati
616 3867 648 3916 et
671 3853 880 3915 universitati.

942 4068 953 4095 t

340 4173 419 4235 ltem
443 4172 558 4233 Paulas
581 4184 691 4234 contra
716 4169 868 4252 Gyurgelr
892 4170 997 4252 primo
1022 4169 1136 4231 citatus
1159 4189 1224 4231 non
1248 4167 1437 4250 comparuit.

343 4281 420 4341 Item
445 4277 607 4340 Johannes
637 4291 738 4338 sartor
762 4289 871 4337 contra
904 4274 1082 4356 Georgium
1114 4274 1296 4358 Mykouche
1320 4273 1425 4356 primo
1456 4272 1498 4333 ci·

237 4400 320 4448 tatus
344 4406 410 4448 non
435 4384 624 4466 comparuit.

346 4492 422 4555 ltem
448 4511 541 4553 causa
565 4489 721 4553 lobannis
753 4488 867 4550 literati
901 4500 932 4550 et
955 4486 1115 4548 Panerlini
1140 4500 1187 4547 est
1217 4505 1274 4568 per
1299 4483 1499 4566 Mychaelem

239 4599 366 4682 Ortoph
390 4599 431 4660 ad
455 4612 528 4660 octo
553 4597 622 4659 dies
646 4590 771 4677 recepta
797 4594 837 4656 ad
861 4613 985 4678 pacem.

344 4706 421 4768 ltem
442 4703 615 4767 Merclinus
632 4714 742 4765 contra
760 4700 938 4783 Georgium
962 4712 1103 4761 sutorem
1127 4696 1269 4760 secundo
1294 4694 1407 4758 citams
1434 4714 1499 4757 uon

240 4813 429 4895 comparuit.
