3472 5234
570 331 772 413 Anno1385.
796 368 837 378 -
861 349 910 413 13.
925 335 1079 412 januarii.
1399 351 1462 417 227

271 590 277 597 .
307 548 384 610 Item
412 568 506 610 causa
538 547 637 609 Marci
668 545 725 608 filii
758 544 895 628 Mykech
926 543 984 607 filii
1016 544 1178 607 Francisci
1210 559 1320 608 contra
1343 545 1464 607 liberos

198 655 283 717 Petri
303 653 361 716 filii
385 654 507 715 Rubini
531 651 636 714 fratris
660 653 750 714 Jalrse
769 652 855 713 iuxta
872 664 1017 712 nostrum
1042 650 1228 713 mandatum
1255 670 1312 712 seu
1335 664 1462 714 senten·

198 761 280 823 ciam
297 761 329 822 in
347 759 468 822 eisdem
485 778 677 841 expressam,
699 756 824 819 tamdiu
848 776 1018 838 quousque
1035 756 1169 839 predicti
1192 757 1284 819 liberi
1301 756 1359 819 filii
1377 757 1463 819 Petri

199 868 233 929 in
249 867 391 929 adultam
416 865 604 927 devenerint
628 876 744 926 etatem
770 874 816 925 est
839 877 1010 945 prorogata
1033 875 1116 925 statu
1140 864 1199 925 sub
1223 863 1332 945 priori.

306 973 384 1035 Item
415 971 548 1034 domine
572 970 697 1033 Dikaue
730 969 937 1031 medietatem
969 968 1191 1031 universarum
1222 969 1462 1051 possessionum

199 1099 329 1143 suarum
352 1078 618 1141 adiudicaverunt
642 1096 680 1139 eo
705 1075 823 1153 modo,
847 1087 883 1137 nt
913 1075 997 1157 ipsas
1021 1094 1123 1156 usque
1147 1075 1328 1157 qulndenas
1352 1076 1463 1137 vendi·

199 1187 285 1249 cloni
310 1204 468 1268 exponere
494 1184 601 1262 debet,
624 1202 660 1245 ac
685 1182 725 1243 de
748 1182 816 1264 ipsa
834 1181 970 1263 pecunia
992 1181 1074 1263 parti
1098 1180 1230 1244 adverse
1255 1194 1286 1243 et
1310 1182 1463 1243 omnibus

200 1293 306 1355 debita
331 1289 509 1353 satisfaccio
538 1287 740 1371 inpendatur.

303 1398 381 1459 Item
414 1415 507 1458 causa
539 1394 695 1456 Anthonii
725 1393 827 1454 Renis
859 1406 969 1454 contra
994 1393 1211 1475 Dragozlaum
1242 1394 1282 1455 ad
1314 1407 1464 1455 octavum

202 1503 289 1565 diem
313 1503 353 1565 ad
377 1522 489 1585 pacem
514 1515 561 1563 est
588 1513 726 1582 recepta.

307 1610 384 1671 Item
417 1607 571 1670 NIcolaus
601 1605 686 1668 filius
717 1605 841 1668 Odolas
872 1624 974 1686 usque
1007 1619 1156 1667 octavum
1195 1606 1281 1667 diem
1314 1606 1464 1670 exhibere

202 1716 298 1778 debet
321 1727 431 1778 contra
455 1715 598 1776 comites.

304 1822 383 1884 Item
408 1820 547 1882 Michael
577 1832 679 1880 sartor
710 1831 821 1880 contra
854 1818 1053 1900 Stephanum
1086 1819 1229 1880 secundo
1254 1819 1367 1881 citatus
1398 1839 1465 1883 non

201 1927 390 2010 comparuit.

276 2144 372 2218 FerIa
401 2152 499 2217 sexta
528 2146 682 2233 proxima
709 2150 788 2232 post
814 2143 938 2215 festum
967 2141 1230 2233 EpIphaniamn
1258 2147 1394 2218 domini.

593 2292 806 2373 (Ann01385,
839 2312 886 2374 13.
904 2297 1071 2374 Jirnuarii).

307 2438 384 2499 Item
410 2438 494 2498 Iwan
520 2436 643 2520 Lasych
667 2450 777 2498 contra
798 2436 999 2499 Anthonium
1025 2438 1131 2520 primo
1156 2439 1270 2500 citatus
1294 2459 1361 2501 non
1378 2459 1467 2503 com·

202 2544 317 2627 paruit.

308 2650 385 2711 Item
411 2650 495 2710 Iwan
520 2648 691 2730 Hlebopek
716 2661 825 2709 contra
844 2647 1023 2728 Georgium
1048 2662 1162 2711 octavo
1180 2649 1232 2711 die
1249 2651 1465 2733 respondebit.

307 2755 384 2817 Item
410 2754 558 2816 Vrbanus
583 2754 740 2835 quosdam
765 2767 870 2832 testes,
898 2754 1048 2817 videlicet
1073 2754 1273 2838 Stephanum
1298 2756 1466 2840 Pundych,

202 2860 395 2944 Gregorium
420 2860 524 2922 filium
548 2880 653 2939 suum,
678 2861 852 2922 Martinum
878 2860 1123 2943 carpentarium,
1147 2861 1283 2924 Paulum
1308 2862 1466 2924 decanum

202 2980 234 3028 et
258 2966 441 3028 Dionisium
466 2981 580 3027 octavo
604 2966 656 3028 die
680 2978 816 3027 statuere
842 2966 947 3029 debet.

307 3073 409 3150 Nota,
441 3071 530 3153 quod
554 3091 613 3132 nos
645 3071 677 3132 in
708 3071 851 3153 generali
883 3086 993 3134 nostro
1025 3071 1162 3134 consili0
1195 3071 1305 3134 habito
1342 3073 1466 3155 Agathe

201 3179 266 3243 filie
290 3178 433 3239 Francek
457 3197 514 3260 pro
539 3178 603 3239 suis
629 3177 808 3239 excessibus
823 3178 964 3259 graciam
988 3178 1161 3261 specialem
1186 3176 1331 3258 fecimus,
1348 3191 1383 3242 ut
1398 3179 1467 3262 ipsa

201 3304 327 3367 semper
350 3282 548 3364 temporibus
572 3283 734 3365 perpetuis
756 3282 857 3345 libere
881 3297 912 3345 et
939 3283 1106 3347 securem
1132 3295 1275 3346 nostram
1300 3284 1466 3346 ciuitatem

202 3406 233 3454 et
256 3391 324 3451 eius
347 3389 542 3450 territorium
566 3389 684 3451 intrare
708 3389 809 3471 possit
831 3402 863 3451 et
885 3409 994 3453 secure
1017 3390 1135 3454 veniat.

308 3496 385 3557 Item
417 3509 512 3557 testes
544 3513 673 3560 causam
697 3494 788 3556 Pauli
820 3495 937 3557 sutoris
969 3510 1079 3558 contra
1112 3496 1292 3559 Iohannem
1323 3509 1467 3561 sutorem

202 3622 302 3684 usque
326 3601 366 3662 ad
390 3601 527 3662 tercium
551 3600 637 3663 diem
661 3600 812 3663 videlicet
836 3602 876 3663 ad
905 3600 1017 3664 feriam
1042 3603 1175 3664 terciam
1200 3616 1399 3686 receperunt.

309 3708 386 3768 Item
419 3727 512 3769 causa
539 3706 656 3789 Philipi
688 3705 778 3789 figuli
811 3720 920 3769 contra
946 3707 1127 3770 Iohannem
1160 3729 1261 3791 usque
1291 3710 1332 3771 ad
1355 3708 1467 3772 Ieriam

203 3815 335 3877 terciam
360 3826 406 3874 est
429 3826 611 3896 prorogata.

309 3920 387 3983 Item
411 3920 497 3981 lwan
521 3932 609 3981 sutor
631 3933 741 3981 contra
765 3920 896 3982 Petrum
920 3921 1026 4003 primo
1044 3921 1157 3982 citatus
1181 3940 1246 3982 non
1277 3921 1468 4003 comparuit.

308 4026 386 4088 Item
412 4025 539 4107 Kupich
566 4037 677 4087 contra
701 4026 785 4087 Iwan
810 4027 915 4109 prImo
939 4027 1053 4089 citatus
1082 4046 1148 4089 non
1172 4028 1362 4110 comparuit.

307 4132 386 4194 Item
412 4132 616 4193 Beharuarad
647 4147 757 4195 contra
782 4132 989 4217 Dragonyam
1013 4133 1118 4216 prImo
1152 4135 1266 4196 citatus
1289 4153 1356 4195 non
1380 4152 1468 4195 com·

203 4239 319 4321 paruit.

308 4345 384 4406 Item
410 4344 548 4405 Jacobus
572 4342 701 4426 pellifex
726 4356 837 4405 contra
863 4344 949 4426 Span
979 4342 1057 4406 feria
1081 4345 1181 4406 tercia
1205 4344 1423 4427 respondebit.

310 4450 387 4510 Item
411 4451 555 4512 Rosman
579 4463 689 4511 contra
715 4447 822 4510 Mathe
846 4450 951 4532 prImo
976 4450 1090 4512 citatus
1122 4470 1188 4512 non
1213 4450 1402 4532 comparuit.

309 4556 387 4618 Item
420 4576 513 4618 causa
545 4555 693 4638 Gregorii
725 4569 836 4618 contra
869 4556 1012 4617 relictam
1037 4556 1252 4618 Zrebernicha
1284 4556 1324 4617 ad
1357 4554 1469 4617 leriam

203 4660 335 4724 terciam
360 4676 406 4723 est
430 4675 610 4744 prorogata.

310 4768 388 4829 Item
413 4767 531 4829 Paulus
555 4781 643 4830 sutor
666 4779 776 4830 contra
801 4765 895 4829 FrIch
919 4767 1025 4849 prImo
1049 4767 1164 4828 citatus
1188 4785 1253 4828 non
1278 4766 1469 4849 comparuit.

1347 4859 1364 4894 4²
