3472 5234
237 308 297 370 104
625 290 712 348 Anno
738 301 823 365 1577.
849 321 889 331 -
913 285 944 347 6.
968 287 1096 347 octobris.

339 502 415 564 Item
442 520 536 562 causa
561 502 636 562 Moz
653 512 684 560 et
700 500 781 582 Elye
805 498 895 581 parvi
913 511 959 560 est
981 497 1020 558 ad
1044 495 1156 559 feriam
1175 509 1296 559 sextam
1313 508 1496 579 prorogata.

339 608 418 671 Item
443 605 606 669 Iohannes
630 605 785 666 Hermani
803 617 913 666 contra
938 602 1116 684 Georgium
1133 602 1275 664 secundo
1300 603 1414 664 citatus
1430 620 1498 663 non

233 715 423 798 comparuit.

339 821 417 883 Item
443 820 623 900 Stephanus
647 832 756 880 contra
782 818 940 879 Marinam
964 814 1042 878 feria
1065 831 1152 878 sexta
1176 816 1393 899 respondebit.

340 927 417 988 Item
442 926 596 987 Nicolaus
620 924 768 987 Odolasii
793 937 902 985 contra
936 922 1113 1005 Georgium
1145 922 1284 1003 juratum
1309 922 1386 986 feria
1411 937 1498 985 sexta

233 1053 318 1095 nunc
343 1046 476 1094 ventura
500 1052 532 1092 se
558 1045 689 1112 quartus
705 1029 823 1110 jurabit
839 1030 870 1091 in
895 1050 945 1108 e0,
962 1029 1050 1111 quod
1075 1030 1141 1111 ipse
1159 1050 1175 1090 a
1193 1030 1337 1111 predicto
1355 1029 1499 1111 Georgio

234 1139 341 1222 plures
365 1138 505 1200 florenos
529 1137 569 1199 de
595 1138 651 1198 LX
675 1137 781 1198 minus
805 1149 944 1217 quatuor
979 1135 1110 1197 florenis
1132 1156 1197 1197 non
1222 1137 1416 1219 percepisset
1439 1136 1500 1197 nisi

235 1245 304 1308 flor.
329 1246 389 1306 XX
413 1244 519 1305 minus
543 1263 609 1305 uno
631 1241 766 1305 floreno.

342 1352 418 1412 Item
444 1351 556 1412 Marko
581 1349 695 1412 Putani
721 1347 798 1410 feria
830 1362 916 1410 sexta
941 1347 1058 1429 jurabit
1081 1367 1113 1408 se
1137 1347 1255 1410 tercias
1278 1348 1310 1408 in
1335 1368 1385 1425 eo,
1409 1346 1499 1429 quod

236 1459 303 1540 ipse
327 1457 490 1540 quendam
514 1457 631 1518 bovem
656 1457 889 1538 comparaverit
913 1455 1031 1517 inscIus
1055 1456 1087 1517 in
1111 1455 1181 1537 ipso
1205 1456 1294 1536 quod
1319 1469 1400 1517 esset
1424 1457 1499 1518 sub·

236 1578 364 1626 tractus.
949 1544 953 1550 ’

342 1670 420 1731 Item
444 1669 561 1753 Vydko
586 1682 696 1731 contra
721 1668 863 1750 Hergam
894 1668 1049 1750 premisso
1081 1668 1266 1730 testimonio
1290 1667 1500 1749 solempniter

237 1776 401 1852 atestavi13
424 1789 455 1839 et
472 1795 565 1838 causa
583 1775 681 1858 ipsius
695 1774 801 1855 Herge
819 1788 865 1836 est
881 1774 921 1836 ad
946 1772 1058 1835 feriam
1074 1790 1194 1836 sextam
1219 1794 1304 1836 nunc
1329 1786 1499 1835 venturam

236 1895 417 1964 prorogata.

261 2082 358 2156 Ieria
386 2092 484 2155 sexta
513 2086 666 2172 proxima
694 2091 770 2172 post
798 2083 919 2155 sestam
946 2083 1036 2153 beati
1065 2083 1247 2171 Mychaelis
1276 2083 1478 2171 archangeli.

764 2242 810 2315 (2.
833 2235 972 2312 octobres).

343 2376 450 2437 Primo
475 2376 667 2437 Benedictus
699 2375 783 2438 filius
807 2374 954 2455 Gregorii
987 2374 1025 2435 de
1051 2375 1199 2436 Pribizlai
1227 2373 1383 2436 Omnium
1409 2394 1499 2436 sanc·

235 2497 342 2544 torum
367 2496 481 2544 octavo
506 2482 558 2543 die
583 2495 692 2543 contra
710 2482 888 2543 Johannem
907 2478 1098 2541 familiarem
1123 2481 1245 2541 domiui
1268 2480 1499 2563 archiepiscopi

236 2610 269 2651 se
293 2601 399 2649 sextus
422 2587 539 2666 jurabit
563 2586 595 2647 in
620 2607 670 2666 eo,
687 2586 776 2668 quod
800 2588 868 2669 Ipse
891 2587 922 2648 in
947 2587 1069 2647 octavis
1086 2585 1155 2647 festi
1181 2587 1272 2647 beate
1298 2586 1500 2667 Margarethe

236 2694 370 2776 virginis
393 2713 479 2755 nunc
503 2705 696 2755 transactum
723 2694 753 2754 In
786 2715 847 2776 vya
878 2693 1006 2775 publica
1039 2693 1228 2774 reperiendo
1261 2692 1436 2775 depredare
1470 2707 1502 2755 et

236 2800 375 2883 spoliare
405 2800 569 2861 noluisset.

344 2906 422 2969 Item
448 2906 585 2967 Iacobus
609 2903 740 2986 pellifex
764 2905 897 2967 domIno
915 2905 1051 2966 MIcusio
1077 2924 1177 2986 usque
1201 2903 1316 2966 festum
1342 2905 1426 2967 beati
1445 2905 1502 2967 Ni·

239 3013 322 3074 coIai
355 3010 548 3074 confessoris
578 3012 606 3072 x
638 3032 759 3072 marcas
794 3011 936 3073 exsolvet
967 3011 1099 3072 indilate
1131 3012 1185 3073 tali
1220 3012 1330 3090 modu,
1355 3012 1442 3093 quod
1475 3012 1501 3073 si

237 3118 342 3199 ipsum
368 3118 541 3178 terminum
559 3117 723 3177 obmiserit
747 3117 780 3177 in
797 3116 964 3194 solvendo,
988 3117 1055 3177 sine
1073 3115 1187 3197 judicis
1203 3117 1368 3198 porcione,
1387 3118 1500 3200 duppli

238 3241 354 3303 penam
380 3222 528 3283 incurret.

343 3328 420 3389 Item
446 3325 605 3407 Georgius
628 3326 748 3407 juratus
772 3346 862 3387 suam
887 3346 1014 3388 causam
1044 3340 1153 3390 contra
1178 3328 1350 3389 Nicolaum
1378 3328 1503 3391 Odolas

242 3433 281 3494 ad
307 3433 456 3514 antiquos
479 3431 600 3513 judices
625 3432 797 3513 appellavit
821 3432 861 3492 ad
884 3433 1052 3494 sabbatum
1076 3454 1162 3495 nunc
1187 3434 1368 3498 Instantem.

307 3630 405 3706 Ierla
431 3636 538 3704 tercia
565 3635 599 3704 in
627 3635 758 3705 octavis
786 3633 863 3704 festi
896 3634 984 3705 beati
1013 3635 1194 3722 lchhaelis
1223 3636 1426 3725 archangeli.

760 3765 807 3846 (ό.
831 3767 975 3848 octobris.)

347 3890 454 3952 PrImo
480 3889 652 3952 Chuethlro
677 3904 785 3952 contra
811 3891 939 3952 Petrum
964 3892 1068 3973 prImo
1093 3892 1205 3953 citatus
1226 3914 1290 3955 non
1309 3897 1499 3978 comparuit.

346 3996 423 4057 Item
449 3996 586 4057 Iacobus
610 3996 809 4079 Jaquethych
838 3997 972 4059 Paulum
998 3997 1123 4058 fabrum
1148 3999 1252 4079 primo
1277 4001 1394 4065 citavit.

347 4101 424 4163 Item
450 4101 568 4162 Paulus
591 4115 700 4163 contra
732 4102 911 4163 Johannem
943 4104 1047 4185 primo
1077 4103 1189 4164 citatus
1220 4125 1285 4167 non
1311 4111 1501 4191 comparuit.

346 4208 423 4268 Item
448 4206 579 4269 domina
605 4207 804 4288 Margaretha
836 4208 945 4270 relicta
977 4209 1154 4270 Sabastiani
1188 4225 1297 4273 contra
1328 4213 1500 4278 dominum

242 4311 420 4393 Georgium
437 4312 699 4375 archidiaconum
721 4313 760 4375 de
779 4313 902 4374 Zolnolr
927 4314 1032 4395 primo
1057 4314 1150 4376 citata
1174 4335 1238 4377 non
1265 4321 1455 4401 comparuit.

345 4417 424 4479 Item
457 4418 544 4478 Elias
577 4418 737 4479 aurifaber
767 4432 876 4480 contra
916 4419 1102 4499 magistrum
1136 4420 1306 4483 Nicolaum
1339 4425 1501 4489 medicum

239 4522 381 4585 secundo
406 4524 519 4585 citatus
543 4544 609 4586 non
633 4525 822 4606 comparuit.

346 4628 423 4690 Item
448 4629 523 4710 quia
549 4630 726 4691 PeterIInus
744 4630 887 4711 Georgio
911 4630 1015 4712 jurato
1032 4630 1099 4693 fillo
1117 4632 1272 4696 Hermoni
1298 4649 1408 4699 nostro
1425 4656 1501 4700 con·

240 4733 301 4795 civi
325 4734 382 4795 XL
406 4735 521 4796 marcis
544 4734 750 4797 denariorum
774 4737 875 4798 teneri
903 4739 1111 4816 asserebatur,
1135 4757 1212 4819 ergo
1236 4740 1262 4801 si
1286 4761 1389 4823 usque
1413 4742 1500 4806 diem
