3472 5234
604 308 804 388 Ann01376.
828 345 871 354 -
887 323 922 386 5.
952 311 1111 372 decembris.

338 525 488 588 Secundo
502 544 595 587 causa
607 523 735 586 Martini
748 521 886 605 proximi
901 519 1055 603 Stephani
1072 519 1227 603 Pundych
1241 520 1339 583 nostri
1354 519 1496 582 concivis

233 645 343 694 contra
367 631 506 693 eundem
534 629 732 713 Stephanum
750 627 895 690 Pundich
912 627 1098 709 premissam
1123 645 1215 688 suam
1232 645 1362 688 causam
1386 625 1495 709 appel-

233 738 354 800 laverat
377 737 416 799 ad
441 737 592 818 antiquos
614 735 736 817 judices
760 734 921 816 predictos
944 732 1073 794 racione
1100 731 1319 814 predictorum
1343 732 1496 815 quadrin-

233 856 405 925 gentorum
428 843 636 921 florenorum,
658 840 744 901 idem
762 840 917 901 MartInus
940 858 973 900 se
990 838 1198 901 submittebat
1213 838 1399 900 testImonio
1416 839 1497 923 Elye

235 950 324 1032 parvi
349 961 459 1011 nostro
482 948 629 1009 similiter
646 946 780 1024 concivi,
798 946 885 1027 quod
903 944 1064 1027 predictus
1081 944 1261 1027 Stephanus
1274 944 1335 1005 sibi
1352 945 1408 1006 IIII
1425 945 1495 1008 flor.

234 1056 374 1117 dedisset
398 1055 430 1116 in
455 1073 545 1133 auro,
570 1052 609 1115 de
635 1053 749 1114 marcis
772 1051 977 1114 denariorum
991 1051 1234 1133 Vyennensium
1258 1051 1432 1132 sexaginta,
1449 1052 1496 1114 di·

234 1180 325 1224 cens:
350 1160 395 1222 fili
420 1162 464 1223 mi
496 1159 611 1221 dilecte
635 1178 720 1220 nunc
743 1157 879 1240 recipias
910 1157 986 1218 istos
1017 1156 1086 1219 flor.
1112 1157 1180 1236 IIII,
1213 1157 1291 1218 alias
1316 1170 1423 1219 autem
1446 1178 1496 1220 res

235 1267 319 1329 dabo
343 1267 401 1329 tibi
426 1266 484 1327 nisi
509 1266 552 1327 sis
575 1264 805 1327 bonushomo.
830 1265 959 1325 Etcum
977 1261 1137 1345 predictus
1161 1262 1258 1345 Elyas
1282 1262 1496 1344 interrogatus

235 1373 331 1436 fuerit
354 1373 502 1456 deposito
524 1373 715 1454 juramento,
740 1369 826 1431 idern
850 1370 947 1452 Elyas
970 1369 1051 1430 nihil
1075 1368 1235 1431 audivisse
1268 1369 1308 1431 de
1332 1371 1402 1451 ipso
1427 1371 1495 1433 Ste-

234 1482 342 1565 phano
368 1479 514 1542 Pundich
538 1492 584 1539 est
607 1490 767 1555 atestatus,
791 1475 847 1537 sed
879 1475 1086 1537 solummodo
1117 1475 1290 1538 audivisset
1312 1497 1331 1538 a
1357 1477 1495 1539 MartIno

235 1587 401 1671 predicto,
440 1604 516 1666 ergo
550 1585 582 1645 In
620 1583 764 1667 predicto
803 1595 879 1644 teste
918 1580 1004 1642 idern
1037 1581 1192 1643 Martinus
1233 1580 1369 1662 defecit,
1411 1583 1497 1647 uude

236 1695 341 1777 ipsum
365 1693 581 1775 juramentum
612 1687 753 1771 prefatus
785 1688 965 1770 Stephanus
996 1686 1141 1748 Pundich
1173 1707 1206 1749 se
1230 1688 1385 1770 septimus
1416 1689 1494 1752 feria

236 1814 322 1862 sexta
345 1798 491 1882 proxima
515 1816 599 1858 nunc
625 1808 756 1857 ventura
774 1793 935 1876 deponere
953 1792 1082 1855 debebit
1098 1808 1207 1854 contra
1225 1794 1399 1857 Martinum
1416 1816 1493 1858 ano-

236 1919 338 1971 tatum
362 1924 457 1986 super
473 1923 524 1982 eo,
548 1901 636 1984 quod
653 1901 757 1962 nullas
782 1920 830 1960 res
847 1898 979 1982 predicti
1002 1897 1130 1959 Martini
1148 1898 1294 1962 habuerit
1317 1921 1376 1962 nec
1392 1903 1498 1966 scierit

236 2016 269 2077 in
294 2026 381 2096 parte
406 2031 465 2073 nec
488 2010 521 2071 in
545 2022 623 2072 toto,

288 2211 386 2286 Feria
413 2219 513 2285 sexta
540 2212 696 2301 proxima
724 2216 802 2280 ante
829 2209 952 2280 festam
971 2210 1061 2282 beati
1089 2209 1216 2282 Nicolai
1245 2212 1457 2284 confessoris.

745 2364 787 2440 (5.
817 2363 990 2441 decembris).

341 2506 450 2568 Primo
474 2504 531 2587 (in)
555 2523 649 2565 causa
673 2502 801 2564 Martini
826 2500 882 2563 filii
901 2502 1008 2565 Mathe
1032 2517 1063 2565 et
1079 2503 1231 2586 Stephani
1256 2505 1401 2569 Pundich
1417 2520 1499 2570 tem·

236 2633 313 2696 pore
338 2611 507 2695 juramenti
532 2608 635 2672 taliter
658 2608 718 2670 luit
742 2608 936 2688 ordinatum,
958 2609 1046 2690 quod
1064 2611 1129 2692 ipse
1156 2611 1336 2694 Stephanus
1353 2612 1498 2677 Pundich

237 2740 310 2783 curn
334 2719 398 2781 suis
430 2717 686 2799 conjuratoribus
718 2729 885 2798 promptus
908 2730 984 2795 erat,
1018 2717 1062 2778 ibi
1086 2731 1193 2779 autem
1219 2732 1291 2778 ante
1323 2738 1411 2781 aram
1442 2740 1499 2803 per

237 2825 480 2889 ordinacionem
504 2824 680 2906 proborum
704 2822 847 2882 virorum
878 2823 1058 2903 predictum
1093 2822 1290 2905 Stephanum
1323 2824 1390 2906 ipse
1415 2827 1499 2887 Mar·

237 2935 323 2997 tinus
347 2931 482 2993 omnino
507 2943 537 2991 et
561 2928 702 2990 totaliter
726 2927 865 2990 reddidit
896 2928 1081 3010 expeditum
1106 2942 1137 2991 et
1161 2949 1217 3012 per
1241 2949 1314 2991 eum
1338 2950 1414 2993 suos
1443 2931 1498 2994 he-

237 3038 329 3101 redes
352 3056 481 3120 prorsus
505 3047 536 3097 et
560 3034 754 3096 absolutum.

344 3143 422 3204 Item
440 3160 534 3203 causa
551 3140 635 3202 Petri
660 3139 833 3200 sacerdotis
853 3152 883 3200 et
900 3139 1047 3222 Dyonisii
1063 3143 1179 3203 sutoris
1196 3157 1242 3205 est
1265 3143 1305 3205 ad
1322 3144 1498 3207 adventum

238 3249 337 3331 ipsius
360 3246 533 3309 sacerdotis
558 3264 614 3327 per
637 3245 758 3326 judices
782 3259 951 3327 prorogata
976 3246 1016 3308 ad
1039 3266 1161 3327 pacem.

343 3354 421 3414 Item
438 3352 628 3413 Valentinus
645 3365 753 3412 contra
768 3351 938 3412 Nicolaum
952 3351 1076 3414 Odolas
1088 3367 1202 3417 octavo
1216 3356 1268 3417 die
1281 3357 1498 3439 respondebit.

344 3461 422 3522 Item
448 3459 600 3520 Clemens
623 3471 710 3519 sutor
736 3470 845 3519 contra
877 3458 985 3520 Sibich
1017 3460 1158 3522 secundo
1183 3463 1296 3525 citatus
1320 3483 1385 3526 nou
1410 3485 1500 3529 com·

238 3567 352 3651 paruit.

343 3673 422 3734 Item
453 3671 528 3753 quia
562 3669 720 3752 Georgius
752 3685 853 3734 sartor
885 3684 916 3734 et
947 3671 1121 3752 Gregorius
1159 3676 1324 3756 proximus
1355 3678 1498 3742 eiusdem

239 3798 334 3861 super
357 3778 482 3859 Regina
506 3777 615 3840 relicta
640 3777 769 3839 Martini
786 3778 950 3840 Wlkouch
976 3779 1040 3841 duo
1065 3781 1153 3842 milia
1170 3796 1200 3843 et
1217 3784 1411 3865 quingentos
1428 3786 1499 3850 flor.

240 3885 309 3946 auri
335 3898 364 3946 et
389 3885 422 3945 in
447 3884 569 3945 minuta
593 3883 739 3965 pecunia,
764 3883 846 3945 duos
873 3885 996 3946 balteos
1027 3901 1204 3967 argenteos,
1237 3909 1354 3952 novem
1378 3893 1497 3974 picaria

239 4004 400 4072 argentea,
425 3989 464 4050 de
489 3989 607 4070 quibus
628 4003 690 4051 tres
721 3989 893 4051 allirmavit
923 3991 1045 4072 Regina
1077 3993 1229 4075 predicta,
1260 3997 1423 4077 sexaginta
1448 4019 1498 4061 ca·

239 4098 344 4180 pecias
368 4095 519 4157 frumenti
536 4097 811 4177 prosequebantur
835 4111 865 4159 et
889 4099 1075 4178 querebant,
1095 4100 1228 4162 eandem
1245 4115 1390 4185 ternpore
1414 4104 1499 4186 jura·

240 4204 371 4266 mentali
390 4202 597 4285 depositione
614 4203 654 4264 de
672 4202 822 4284 predictis
838 4203 968 4265 florenis
996 4224 1052 4266 seu
1069 4205 1136 4266 cifis
1151 4209 1309 4289 argenteis
1325 4223 1356 4271 et
1372 4209 1500 4274 duobus

240 4309 351 4372 balteis
375 4328 410 4370 ac
426 4307 570 4389 frugibus
586 4308 785 4370 reddiderint
801 4309 980 4390 expeditam
999 4324 1030 4372 et
1047 4312 1237 4393 absolutam,
1259 4329 1392 4397 excepto
1409 4318 1499 4398 quod

239 4416 421 4478 continetur
446 4414 477 4475 ln
502 4427 692 4476 testamento
718 4414 891 4477 Katherine
915 4417 1032 4478 sororis
1055 4437 1121 4482 sue.

345 4519 423 4581 Item
449 4520 596 4582 Matheus
619 4519 703 4582 filius
727 4523 871 4605 oroznyk
896 4523 964 4584 Kus
988 4524 1020 4584 in
1038 4524 1210 4605 quindenis
1233 4526 1289 4588 XII
1313 4546 1428 4609 pensas
1443 4528 1499 4592 de·

239 4625 402 4688 uariorum
435 4639 466 4689 et
489 4626 687 4688 laboratores
716 4627 950 4710 quinquaginta
974 4631 1137 4692 exsolvere
1161 4631 1274 4709 debet;
1299 4633 1366 4715 lpse
1391 4647 1497 4696 autem

240 4731 309 4792 Kus
332 4729 449 4812 jurabit
472 4753 567 4815 super
594 4733 765 4814 premissis.
