3472 5234
623 355 823 436 Ann01378.
846 394 890 402 -
913 356 944 419 ό.
968 361 1095 433 augusti.

341 573 420 634 Item
437 572 545 634 Mathe
570 586 658 633 sutor
682 584 793 632 contra
817 570 1048 651 Dragouanum
1066 586 1180 632 octavo
1205 570 1258 632 die
1282 570 1500 652 respondebit.

341 679 420 739 Item
453 677 725 759 quandocumque
757 676 932 737 Katherina
968 676 1085 737 mulier
1116 676 1156 737 de
1187 689 1292 738 cetero
1324 677 1357 737 in
1390 677 1500 757 ahquo

234 785 321 846 malo
346 785 476 846 inventa
501 783 607 860 fuerit,
630 783 723 843 ambe
749 782 891 843 auricule
915 801 972 843 sue
1000 781 1190 844 abcidentur
1215 795 1245 843 et
1269 783 1455 864 expelletur.

340 891 419 953 Item
445 892 521 952 Iuan
546 903 619 971 post
651 889 826 950 adventum
851 888 960 950 Hanse
985 908 1041 969 per
1072 888 1212 950 eundem
1245 888 1353 950 Hanse
1379 903 1410 951 et
1441 889 1501 950 Mi-

235 996 379 1058 chaelem
404 1008 514 1057 contra
537 993 779 1076 Wllrouycham
804 993 952 1055 atestabit
975 993 1064 1073 quod
1087 993 1194 1076 ipsum
1219 995 1457 1076 vituperaverit.

339 1102 418 1164 Item
444 1101 553 1163 Sibich
578 1114 688 1162 contra
713 1100 825 1160 Pasam
852 1099 955 1180 primo
980 1099 1094 1160 citatus
1118 1118 1183 1161 non
1208 1100 1398 1181 comparuit.

343 1208 420 1269 Item
445 1207 591 1288 Philipus
615 1206 718 1267 Mauri
745 1204 888 1286 Georgio
911 1204 979 1266 filio
999 1205 1125 1266 Nicolai
1150 1205 1182 1266 in
1207 1206 1380 1286 quindenis
1400 1205 1501 1267 XXIII

234 1333 357 1376 marcas
382 1327 413 1376 et
437 1314 525 1375 LXX
550 1313 700 1374 denarios
724 1312 888 1374 exsolvere
914 1311 1055 1373 debebit.

340 1421 419 1481 Item
444 1418 606 1480 Iohannes
630 1417 795 1479 Chemerii
820 1430 930 1479 contra
949 1416 1123 1499 Gyuanum
1145 1418 1287 1479 secundo
1306 1419 1419 1480 citatus
1436 1439 1500 1481 non

235 1525 427 1607 comparuit.
572 1591 574 1594 Α

341 1630 420 1692 Item
444 1630 597 1691 Nicolaus
614 1643 723 1690 contra
749 1628 920 1689 Nicolaum
937 1642 1051 1689 octavo
1073 1628 1125 1690 die
1150 1648 1183 1690 se
1200 1629 1360 1691 secundus
1385 1628 1502 1708 jurabit

235 1736 267 1796 in
293 1755 343 1813 eo,
369 1735 457 1816 quod
481 1735 548 1816 ipse
573 1754 667 1795 suum
692 1753 811 1815 equum
836 1734 1017 1795 voluntarie
1042 1753 1109 1796 non
1133 1735 1356 1797 iuteremisset.

342 1840 420 1901 Item
446 1839 613 1901 Ladislaus
637 1853 746 1901 contra
765 1838 905 1900 Hemam
920 1839 1064 1920 puellam
1081 1852 1195 1901 octavo
1212 1840 1263 1900 die
1281 1839 1501 1921 respondebit.

344 1947 422 2008 Item
453 1947 529 2028 quia
564 1946 717 2007 Nicolaus
751 1943 948 2006 Zrebenicha
991 1959 1037 2007 est
1073 1945 1238 2007 convictus
1273 1947 1305 2007 in
1342 1945 1501 2028 vituperio

238 2069 349 2115 contra
374 2053 512 2134 judicem
545 2066 576 2113 et
599 2051 719 2132 juratos
742 2071 799 2133 pro
831 2070 870 2111 eo
895 2051 970 2132 quia
996 2066 1030 2112 ut
1062 2051 1211 2113 dixerunt
1233 2065 1328 2114 testes
1354 2052 1501 2112 dixisset:

234 2159 322 2241 quod
346 2161 450 2221 maior
474 2159 598 2239 justicia
630 2172 711 2219 esset
742 2157 921 2219 latronibus
952 2176 1049 2237 quam
1079 2157 1158 2234 sibi;
1190 2158 1323 2239 ipseque
1349 2158 1502 2219 Nicolaus

235 2266 336 2347 ipsam
362 2285 490 2327 causam
515 2264 555 2326 ad
579 2263 701 2344 judices
718 2262 869 2344 antiquos
893 2263 1068 2345 appellavit
1085 2277 1116 2325 et
1133 2264 1209 2344 quia
1234 2264 1370 2345 Symoni
1388 2262 1501 2324 sartori

237 2387 304 2433 erat
328 2372 492 2433 convictus
516 2371 549 2431 in
574 2390 637 2430 una
662 2389 767 2430 marca
801 2369 1006 2430 denariorum
1033 2384 1063 2430 et
1087 2368 1185 2448 judici
1210 2369 1316 2430 media
1341 2388 1456 2431 marca.

342 2477 420 2539 Item
445 2496 539 2537 causa
564 2475 689 2537 Nicolai
717 2474 789 2535 ruffi
822 2489 852 2536 et
877 2475 946 2536 Elie
970 2476 1060 2556 parvi
1085 2488 1132 2537 est
1162 2495 1218 2556 per
1244 2476 1381 2556 juratum
1407 2473 1501 2536 Joian

234 2596 265 2644 et
289 2582 494 2645 Clementem
519 2582 558 2643 ad
583 2595 657 2643 octo
681 2580 750 2642 dies
775 2593 901 2662 recepta
926 2580 966 2641 ad
990 2600 1114 2662 pacem.

343 2689 421 2750 Item
448 2689 598 2769 magister
629 2686 792 2748 Iohannes
825 2685 958 2768 Crispus
990 2700 1100 2747 contra
1133 2684 1311 2767 Georgium
1345 2686 1501 2747 staciona-

233 2795 328 2873 rium,
362 2795 534 2856 Nicolaum
567 2792 669 2854 filium
694 2792 819 2853 NIcolai
860 2805 891 2853 et
923 2790 1118 2872 Gregorium
1149 2793 1250 2854 tercio
1286 2791 1401 2852 citatus
1436 2809 1502 2851 non

234 2900 414 2983 comparuit
438 2920 496 2961 nec
520 2919 576 2981 per
600 2919 633 2960 se
658 2918 716 2959 nec
740 2916 796 2979 per
819 2910 1071 2979 procuratorem.

340 3007 419 3068 Item
437 3026 530 3068 causa
562 3005 718 3067 Anthonii
751 3004 853 3066 RenIz
886 3017 918 3067 et
946 3004 1043 3066 luane
1076 3004 1220 3065 mulieris
1244 3018 1291 3064 est
1312 3022 1370 3084 per
1401 3004 1501 3085 magi-

234 3125 334 3173 strum
357 3112 493 3173 Paulum
517 3111 557 3173 ad
582 3126 655 3173 octo
680 3111 748 3172 dies
769 3125 895 3191 recepta
919 3112 959 3171 ad
983 3129 1107 3192 pacem.

287 3329 383 3404 letio
410 3343 507 3403 sexta
535 3334 688 3420 proxima
716 3342 793 3420 post
820 3331 944 3402 festum
973 3330 1069 3401 beate
1098 3329 1201 3400 llarIe
1229 3329 1435 3417 llagdalene.

778 3485 841 3560 (23.
857 3481 956 3562 julia).

343 3625 452 3686 Primo
477 3643 570 3684 causa
596 3625 737 3705 magistri
769 3623 895 3685 Nicolai
927 3621 984 3684 filii
1009 3623 1184 3684 Alexandri
1209 3636 1240 3684 et
1265 3622 1419 3705 Stephani
1443 3620 1500 3683 filii

239 3730 365 3791 Nicolai
389 3729 446 3791 filii
471 3729 604 3810 Chopor
627 3744 673 3791 est
696 3749 752 3812 per
776 3729 1040 3791 communitatem
1065 3728 1105 3790 ad
1129 3728 1309 3810 qulndeuas
1330 3740 1501 3809 prorogata

242 3834 282 3897 ad
307 3835 486 3897 exhibenda
511 3837 619 3896 omnia
636 3837 778 3916 ipsorum
800 3835 934 3896 literalia
952 3835 1173 3912 iustrumenta,
1190 3835 1214 3895 si
1233 3853 1295 3915 qua
1320 3833 1502 3910 habuerint,

238 3941 306 4002 sine
331 3943 419 4002 omni
445 3941 605 4002 dilacione
629 3956 660 4002 et
680 3941 941 4002 dissimulatione
958 3960 1065 4001 coram
1090 3941 1194 4018 nobis,
1218 3955 1254 4001 ut
1276 3939 1352 4001 visis
1377 3952 1408 4001 et
1431 3958 1501 4020 per-

235 4048 326 4108 lectis
352 4048 495 4128 ipsorum
520 4047 699 4109 literalibus
731 4046 939 4108 munImentis
971 4045 1129 4125 justiciam
1155 4060 1185 4107 et
1216 4044 1372 4126 judicium
1398 4043 1501 4105 facere

235 4155 401 4215 valeamus
425 4154 507 4215 inter
530 4168 645 4236 partes.

235 4389 333 4464 Ferit
352 4400 449 4463 sexta
469 4394 624 4480 proxima
644 4401 720 4480 post
739 4392 863 4463 festum
882 4392 923 4462 ad
943 4390 1080 4461 vincula
1099 4390 1209 4460 sancti
1230 4389 1322 4459 Petri
1344 4388 1500 4475 apostoli

756 4540 803 4621 (6.
827 4540 970 4621 augusti.)

342 4684 450 4745 Primo
474 4684 627 4746 Clemens
650 4698 738 4744 sutor
762 4697 872 4745 contra
896 4682 1077 4744 Iohannem
1101 4683 1232 4764 vigilem
1257 4682 1363 4764 prImo
1388 4682 1502 4743 citatus

237 4810 301 4852 non
326 4791 515 4872 comparuit.
