3472 5234
1451 287 1511 380 au

355 479 433 540 Item
457 498 551 540 causa
576 478 701 541 Nicolai
720 477 844 540 Odolas
864 491 895 539 et
919 478 1017 540 Marci
1036 477 1158 540 Gemez
1182 490 1229 540 est
1252 498 1308 560 per
1332 477 1512 559 judicesad

250 582 361 647 leriam
386 583 517 646 terciam
541 597 723 666 prorogata.

357 689 435 751 ltem
452 688 635 751 Anthoniua
652 688 754 751 Reniz
772 688 910 750 Johanni
927 688 994 750 filio
1012 688 1151 751 Chemer
1167 703 1282 751 octavo
1299 688 1351 751 die
1368 690 1512 771 quinque

254 794 366 858 faretra
391 796 466 856 dare
491 795 598 874 debet,
626 795 694 877 ipse
727 806 833 856 autern
867 793 1028 857 lohannes
1052 814 1134 877 opus
1165 796 1303 877 ipsarum
1329 796 1511 878 persolvere

251 901 366 978 debet;
390 901 478 983 quod
502 901 528 963 si
554 901 621 984 ipsa
653 900 767 963 feretra
797 901 858 962 sibi
883 902 958 964 dare
990 916 1158 981 recusaret,
1190 915 1305 964 extunc
1328 922 1424 984 super
1448 920 1513 982 quo

254 1008 339 1069 idem
365 1007 527 1070 lohannes
550 1007 677 1088 jurabit,
702 1007 863 1090 predictus
887 1008 1072 1071 Anthonius
1095 1009 1156 1071 sibi
1180 1009 1350 1091 persolvet.

356 1132 433 1194 ltem
470 1132 588 1194 Paulus
619 1129 779 1193 aurifaber
811 1146 920 1193 contra
954 1132 1120 1194 Marenum
1153 1132 1231 1194 feria
1265 1132 1361 1194 tercia
1397 1131 1513 1213 jurabit

247 1257 342 1321 super
367 1258 435 1300 uno
461 1237 590 1321 pellicio
622 1238 756 1320 antiquo
787 1252 945 1319 quantum
978 1239 1119 1319 precium
1151 1239 1252 1301 valuit
1275 1252 1351 1300 tunc
1383 1238 1513 1319 quando

255 1345 361 1428 ipsum
377 1365 502 1407 servate
528 1345 677 1423 dedisset,
702 1357 732 1406 et
754 1364 849 1427 super
866 1364 931 1425 quo
956 1345 1073 1426 jurabit
1095 1345 1257 1427 predictus
1282 1346 1431 1407 Marenus
1454 1345 1514 1407 sibi

251 1450 421 1534 persolvet.

353 1554 431 1619 Item
463 1555 569 1618 Mathe
603 1555 729 1618 Crisani
760 1554 909 1620 Cristuno
942 1557 974 1618 in
1006 1558 1179 1639 quindenis
1210 1571 1273 1619 tres
1305 1572 1336 1620 et
1368 1557 1510 1620 mediam

250 1682 365 1745 pensas
389 1663 540 1727 exsolvet.

300 1899 396 1974 laria
424 1912 522 1975 sexta
550 1905 704 1993 proxima
732 1910 810 1975 ante
847 1903 970 1975 sestam
998 1901 1233 1975 Conversionis
1262 1903 1351 1974 beati
1381 1904 1477 1976 Pauli

803 2027 959 2116 apostoli.

357 2195 465 2257 Primo
491 2195 688 2258 Laurencius
711 2194 831 2277 juratus
863 2209 972 2256 contra
998 2195 1173 2256 Renarium
1198 2195 1276 2257 feria
1300 2195 1397 2257 tercia
1422 2215 1508 2256 nunc

250 2315 382 2364 ventura
407 2322 463 2384 per
487 2302 656 2364 Nicolaum
691 2302 730 2362 de
761 2300 928 2383 Lypouch,
961 2300 1153 2383 Dyonisium
1182 2315 1212 2363 et
1246 2302 1419 2363 Martinum
1445 2316 1510 2364 ate-

248 2406 343 2469 stabit
366 2427 461 2489 super
485 2427 534 2487 eo,
558 2408 647 2489 quod
672 2408 776 2490 ipsum
801 2407 887 2470 idem
913 2407 1070 2468 Renarius
1094 2406 1302 2468 fistulatorem
1327 2409 1511 2469 asseruisset

251 2527 281 2575 et
305 2533 380 2575 suos
403 2527 525 2576 ceteros
548 2514 663 2577 socios.

357 2636 434 2698 ltem
459 2637 641 2698 Alexander
665 2636 814 2719 quitquid
839 2656 934 2719 super
952 2636 1151 2719 Stephanum
1168 2634 1274 2697 rulurn
1300 2635 1402 2697 lilium
1422 2637 1511 2698 Pauli

254 2742 418 2805 concivem
444 2755 588 2805 nostrum
613 2743 811 2825 quesivisset,
835 2743 973 2805 eundem
1001 2742 1199 2825 Stephanum
1224 2742 1358 2804 omnino
1383 2756 1413 2804 et
1429 2756 1496 2805 tota

250 2847 322 2911 liter
346 2849 507 2911 commisit
530 2863 561 2911 et
584 2849 724 2911 reddidit
747 2850 931 2932 expeditum
956 2862 986 2911 et
1011 2848 1166 2930 quietum.

864 3116 899 3181 2.

680 3280 777 3355 laria
805 3290 903 3355 sexta
931 3301 1083 3371 sequens.

358 3455 435 3516 ltem
459 3453 568 3515 relicta
594 3453 688 3514 Sorse
721 3449 830 3514 contra
856 3452 983 3513 Petrum
1007 3449 1085 3512 feria
1108 3451 1204 3513 tercia
1231 3450 1448 3531 respondebit.

358 3560 434 3622 ltem
463 3558 609 3621 Thomas
633 3571 742 3621 contra
767 3557 852 3621 lwan
876 3558 981 3640 primo
1005 3557 1118 3619 citatus
1142 3576 1206 3618 non
1232 3554 1420 3637 comparuit.

357 3666 435 3728 ltem
460 3686 554 3728 causa
578 3665 712 3728 voschar
735 3678 846 3727 contra
862 3664 976 3727 Paulas
999 3663 1039 3725 ad
1063 3676 1211 3726 octavum
1233 3663 1318 3724 diem
1336 3662 1376 3724 ad
1400 3681 1512 3744 pacem

252 3786 298 3834 est
326 3786 462 3853 recepta.

356 3878 434 3940 ltem
466 3898 560 3940 causa
591 3879 702 3940 Kuslto
733 3890 843 3940 contra
876 3876 1070 3959 Gregorium
1102 3876 1142 3938 ad
1174 3890 1322 3938 octavum
1357 3874 1443 3936 diem
1476 3874 1515 3935 ad

253 4004 363 4068 pacem
389 3999 436 4046 est
459 3997 597 4067 recepta.

360 4090 437 4152 ltem
451 4090 618 4173 Philippus
631 4089 748 4171 figulus
761 4103 871 4151 contra
885 4089 1079 4150 Zrebernam
1093 4087 1170 4150 leria
1183 4088 1282 4149 tercia
1297 4086 1515 4169 respondebit.

358 4195 435 4257 ltem
460 4216 553 4258 causa
579 4195 705 4258 Mikech
730 4208 840 4257 contra
865 4195 994 4257 Petrum
1023 4194 1157 4275 longum
1182 4193 1221 4255 ad
1247 4193 1359 4256 leriam
1383 4192 1514 4254 terciam

253 4315 300 4363 est
324 4315 507 4384 prorogata.

357 4407 435 4470 ltem
470 4409 563 4470 vinea
600 4405 754 4470 iohannis
788 4406 869 4488 nigri
910 4405 1064 4468 institoris
1096 4404 1254 4486 Gregorio
1290 4404 1424 4466 voschar
1457 4423 1516 4486 pro

253 4528 376 4597 septem
401 4514 516 4576 marcis
539 4514 746 4577 denariorum
770 4526 801 4574 et
829 4513 953 4574 duabus
977 4511 1083 4594 pensis
1107 4524 1154 4573 est
1179 4524 1305 4573 statuta.

361 4619 438 4682 ltem
464 4622 602 4684 lacobus
627 4619 763 4704 Kupych
789 4633 900 4681 contra
924 4618 1119 4698 Gregorium
1143 4616 1285 4679 secundo
1310 4616 1423 4678 citatus
1451 4635 1515 4678 non

253 4727 444 4809 comparuit.
