3472 5234
240 324 302 403 316
682 323 768 381 Anno
791 336 882 398 1390.
908 356 949 366 -
972 335 1021 397 25.
1038 324 1189 398 januarii.

343 534 421 594 ltem
447 534 589 594 Rosman
615 546 723 594 contra
748 532 864 593 Paulas
887 533 992 614 primo
1016 533 1130 593 citatus
1154 552 1219 593 non
1245 533 1435 615 comparuit.

345 639 423 701 Item
441 638 567 701 Blasich
584 652 693 700 contra
712 637 905 719 Gregorium
923 636 1078 721 voyschar
1091 651 1185 699 testes
1201 638 1379 721 producere
1397 638 1506 718 debet,

241 744 410 808 videlicet:
434 745 602 806 Nicusium
627 756 659 806 et
685 742 884 806 Bartholum.

344 850 423 912 Item
448 870 543 912 causa
567 849 717 931 Agustini
741 849 915 912 sacerdotis
939 868 1040 931 usque
1065 848 1177 911 feriam
1202 848 1331 910 terciam
1357 863 1404 909 est
1428 868 1506 931 pro·

237 971 358 1038 rogata.

343 1061 420 1124 Item
447 1072 548 1123 mater
572 1062 691 1122 Zemke
716 1060 858 1122 secundo
882 1081 915 1122 se
940 1059 1018 1122 feria
1046 1061 1143 1123 tercia
1169 1080 1264 1143 super
1287 1059 1347 1121 hoc
1371 1060 1504 1142 jurabit,

236 1168 324 1249 quod
349 1168 417 1249 ipsa
441 1167 597 1248 quasdam
622 1165 729 1247 fruges
752 1186 810 1248 pro
834 1186 866 1227 se
891 1186 956 1228 non
981 1168 1159 1249 recepisset.

344 1274 422 1337 Item
447 1278 539 1335 Anna
571 1274 732 1357 penestiea
764 1271 842 1334 feria
873 1273 970 1335 tercia
995 1274 1140 1355 proxima
1172 1287 1281 1334 contra
1306 1272 1504 1352 Gregorium

235 1379 392 1463 voyschar
423 1400 518 1462 super
542 1378 602 1440 hoc
634 1378 764 1459 jurabit,
795 1379 883 1460 quod
918 1378 1016 1440 nichil
1040 1379 1100 1440 sibi
1133 1391 1275 1456 tenetur3
1302 1378 1368 1460 ipse
1393 1390 1503 1440 autern

235 1487 336 1568 ipsam
362 1506 491 1548 causam
517 1486 556 1546 ad
582 1485 732 1567 antiquos
755 1484 877 1566 judices
900 1485 1083 1567 appellavit.

341 1593 419 1653 ltem
443 1592 627 1653 Anthonius
651 1605 761 1653 contra
786 1590 914 1654 Petrum
941 1590 1018 1652 feria
1043 1592 1139 1653 tercia
1164 1590 1381 1672 respondebit.

262 1826 358 1901 Feria
387 1833 496 1901 tercia
524 1831 680 1919 proxima
709 1838 785 1917 post
812 1830 933 1901 festum
962 1830 1050 1900 beati
1080 1825 1238 1899 Anthonii
1268 1826 1480 1899 confessoris.

745 1979 812 2061 (18.
827 1984 995 2060 januarii).

342 2122 420 2184 Item
446 2122 575 2206 Mathey
607 2136 695 2184 sutor
726 2122 863 2184 condam
895 2122 994 2183 decan
1026 2140 1151 2183 necnon
1183 2119 1364 2181 Perthlinus
1394 2140 1496 2202 gener

235 2227 379 2289 eiusdem
405 2230 445 2289 ab
470 2248 544 2307 una,
568 2242 657 2310 parte
688 2247 764 2289 vero
789 2248 825 2288 ex
858 2228 958 2289 altera
982 2227 1145 2289 lohannes
1168 2225 1253 2288 filius
1284 2226 1395 2287 Jacobi
1420 2226 1496 2288 dicti

236 2332 326 2412 Bole,
360 2333 492 2414 juratus,
524 2334 623 2396 iidem
655 2334 785 2417 Mathey
817 2347 849 2396 et
880 2334 1062 2395 Perthlinus
1093 2346 1167 2394 sunt
1190 2330 1326 2393 confessi
1359 2332 1391 2392 in
1413 2330 1499 2393 hunc

235 2440 386 2501 modum:
413 2440 499 2521 quod
533 2440 674 2522 prelatus
706 2439 868 2501 lohannes
898 2459 993 2521 super
1025 2440 1176 2500 omnibus
1207 2438 1317 2499 litibus
1340 2451 1371 2499 et
1395 2437 1499 2498 causis

234 2543 400 2626 hucusque
425 2546 506 2607 inter
531 2546 616 2625 ipsos
640 2546 800 2607 ventilatis
818 2559 847 2606 et
871 2545 1051 2626 specialiter
1075 2544 1114 2605 de
1134 2544 1208 2604 dote
1234 2556 1264 2604 et
1288 2544 1383 2605 rebus
1406 2562 1499 2624 parn-

235 2649 409 2712 iemalibus
427 2651 593 2713 Elizabeth
619 2650 716 2712 filiam
734 2671 823 2711 suam
841 2651 1046 2731 tangentibus
1063 2651 1203 2731 plenarie
1226 2663 1257 2711 et
1273 2649 1497 2711 omnimodam

234 2756 488 2820 satisfaccionem
515 2757 728 2840 inpendisset3
753 2776 848 2838 super
872 2757 990 2836 quibus
1018 2757 1170 2817 omnibus
1195 2756 1357 2837 premissis
1380 2752 1496 2836 prefati

234 2864 373 2946 Mathey,
404 2864 585 2925 Perthlinus
609 2877 639 2925 et
670 2861 837 2923 Elizabeth
870 2882 1001 2923 consors
1033 2862 1177 2923 eiusdem
1203 2861 1355 2923 Perthlini
1388 2860 1496 2921 reddi·

234 2970 349 3031 derunt
380 2991 436 3051 per
468 2971 576 3030 omnia
609 2970 812 3051 expeditum;
838 2968 944 3030 literas
977 2968 1089 3045 eciam,
1121 2968 1145 3026 si
1183 2987 1261 3048 quas
1293 2980 1401 3028 contra
1427 2985 1498 3048 pre-

235 3077 387 3157 scriptum
415 3075 593 3136 iohannem
611 3074 888 3155 qualitercumque
906 3093 1001 3153 super
1019 3072 1111 3134 dictis
1128 3075 1222 3133 rebus
1239 3070 1496 3153 parafernalibus

234 3195 445 3258 emanassent,
470 3201 566 3241 vanas
589 3180 788 3261 reliquimus.

340 3287 417 3347 Item
443 3301 559 3347 rectam
586 3300 615 3346 et
640 3285 787 3366 equalem
806 3284 1010 3345 medietatem
1028 3284 1194 3345 cuiusdam
1219 3284 1335 3345 domus
1360 3283 1494 3364 Georgii

234 3392 313 3454 labri
340 3392 426 3453 fratri
451 3412 509 3452 suo
534 3392 788 3471 adjudicavimus
811 3390 867 3453 tali
896 3391 1006 3468 mod0‚
1030 3390 1117 3471 quod
1143 3391 1247 3471 ipsum
1269 3409 1404 3471 puerum
1424 3390 1495 3451 Bla-

233 3500 298 3559 sius
323 3513 477 3577 cognatus
501 3516 576 3556 suus
601 3497 632 3555 in
651 3496 761 3555 eadem
788 3516 976 3558 conservare
993 3495 1098 3573 debet,
1123 3510 1154 3556 et
1177 3496 1200 3555 si
1227 3496 1330 3578 ipsum
1358 3514 1493 3577 puerum

232 3605 299 3664 sine
326 3603 496 3663 heredibus
527 3602 608 3661 mori
641 3601 852 3680 contingerit,
888 3616 1002 3663 extunc
1034 3603 1101 3682 ipsa
1127 3602 1282 3663 medietas
1314 3600 1430 3662 domus
1455 3600 1494 3661 ad

233 3709 336 3790 ipsum
364 3709 504 3767 Blasium
529 3720 559 3767 et
583 3726 658 3766 suos
681 3706 814 3768 heredes
838 3707 966 3769 devolvi
991 3723 1107 3789 posset.

339 3815 415 3874 ltem
441 3814 553 3873 Crisan
580 3832 681 3893 usque
704 3813 883 3894 quindenas
903 3815 994 3876 l‘etro
1012 3815 1090 3874 duas
1108 3835 1229 3875 marcas
1245 3814 1369 3876 solvere
1387 3813 1494 3876 debet.

437 4069 470 4137 ln
501 4069 585 4138 festo
615 4071 841 4141 conversionis
871 4071 959 4140 beati
990 4069 1084 4139 Pauli
1115 4069 1269 4157 apostoli.

733 4219 798 4301 (25.
822 4221 989 4302 januarii).

339 4359 415 4418 ltem
443 4359 603 4422 lohannes
627 4360 710 4422 filius
734 4363 842 4422 Jacobi
866 4361 939 4422 dicti
969 4363 1056 4439 Bole,
1081 4361 1210 4441 juratus,
1242 4363 1281 4421 ab
1307 4381 1380 4438 una,
1406 4376 1495 4443 parte

233 4482 308 4523 vero
326 4483 362 4522 ex
380 4464 477 4525 altera
502 4466 612 4526 Petrus
640 4467 791 4544 literatus,
819 4468 903 4528 idem
922 4467 1083 4528 lohannes
1108 4481 1154 4527 est
1178 4465 1342 4528 confessus
1360 4468 1391 4528 in
1413 4466 1497 4529 hunc

235 4567 380 4645 modum,
406 4570 493 4649 quod
518 4571 658 4652 prefatus
690 4574 800 4633 Petrus
824 4572 966 4633 literatus
995 4573 1054 4633 sibi
1087 4572 1225 4633 sedecim
1263 4572 1392 4633 florenis
1416 4574 1498 4650 auri,

234 4673 351 4753 quibus
368 4674 563 4738 sibidebitor
577 4677 837 4758 fuissetplenarie
852 4679 1013 4758 persolvit,
1028 4698 1123 4760 super
1140 4679 1257 4758 quibus
1274 4678 1414 4740 sedecim
1427 4678 1497 4743 flor.

234 4778 301 4840 auri
334 4779 400 4862 ipse
425 4781 586 4844 lohannes
610 4784 731 4844 dictum
757 4783 885 4845 Petrum
916 4770 1056 4845 ieddidit
1083 4802 1139 4865 per
1164 4783 1274 4845 omnia
1300 4782 1498 4865 expeditum.
