<?xml version="1.0" encoding="UTF-8"?>
<!DOCTYPE html PUBLIC "-//W3C//DTD XHTML 1.0 Transitional//EN"
    "http://www.w3.org/TR/xhtml1/DTD/xhtml1-transitional.dtd">
<html xmlns="http://www.w3.org/1999/xhtml" xml:lang="en" lang="en">
 <head>
  <title>
</title>
<meta http-equiv="Content-Type" content="text/html;charset=utf-8" />
  <meta name='ocr-system' content='tesseract 3.04.00' />
  <meta name='ocr-capabilities' content='ocr_page ocr_carea ocr_par ocr_line ocrx_word'/>
</head>
<body>
  <div class='ocr_page' id='page_1' title='image "./monumentahistor09laszgoog/monumentahistor09laszgoog_0122.png"; bbox 0 0 3472 5234; ppageno 0'>
   <div class='ocr_carea' id='block_1_1' title="bbox 772 302 1038 378">
    <p class='ocr_par' dir='ltr' id='par_1_1' title="bbox 772 302 1038 378">
     <span class='ocr_line' id='line_1_1' title="bbox 772 302 1038 378; baseline -0.008 -19"><span class='ocrx_word' id='word_1_1' title='bbox 772 302 858 359; x_wconf 85' lang='lat' dir='ltr'>Anno</span> <span class='ocrx_word' id='word_1_2' title='bbox 880 310 967 378; x_wconf 83' lang='lat'><em>1377.</em></span> <span class='ocrx_word' id='word_1_3' title='bbox 1035 330 1038 335; x_wconf 97' lang='lat'><em>·</em></span> 
     </span>
    </p>
   </div>
   <div class='ocr_carea' id='block_1_2' title="bbox 354 510 1134 1018">
    <p class='ocr_par' dir='ltr' id='par_1_2' title="bbox 356 510 803 593">
     <span class='ocr_line' id='line_1_2' title="bbox 356 510 803 593; baseline 0.009 -22"><span class='ocrx_word' id='word_1_4' title='bbox 356 510 509 573; x_wconf 90' lang='lat' dir='ltr'>Nicolaus</span> <span class='ocrx_word' id='word_1_5' title='bbox 532 513 669 575; x_wconf 89' lang='lat' dir='ltr'>condam</span> <span class='ocrx_word' id='word_1_6' title='bbox 695 512 803 593; x_wconf 86' lang='lat' dir='ltr'>judex.</span> 
     </span>
    </p>

    <p class='ocr_par' dir='ltr' id='par_1_3' title="bbox 356 616 765 702">
     <span class='ocr_line' id='line_1_3' title="bbox 356 616 765 702; baseline 0.005 -24"><span class='ocrx_word' id='word_1_7' title='bbox 356 616 536 699; x_wconf 85' lang='lat' dir='ltr'>Stephanus</span> <span class='ocrx_word' id='word_1_8' title='bbox 560 617 644 680; x_wconf 90' lang='lat' dir='ltr'>filius</span> <span class='ocrx_word' id='word_1_9' title='bbox 667 620 765 702; x_wconf 81' lang='lat' dir='ltr'>Vyslr.</span> 
     </span>
    </p>

    <p class='ocr_par' dir='ltr' id='par_1_4' title="bbox 355 722 1134 893">
     <span class='ocr_line' id='line_1_4' title="bbox 355 722 1134 823; baseline 0.005 -39"><span class='ocrx_word' id='word_1_10' title='bbox 355 722 508 806; x_wconf 83' lang='lat' dir='ltr'>Gyurgek</span> <span class='ocrx_word' id='word_1_11' title='bbox 533 723 616 787; x_wconf 90' lang='lat' dir='ltr'>filius</span> <span class='ocrx_word' id='word_1_12' title='bbox 639 724 775 788; x_wconf 91' lang='lat' dir='ltr'>Nicolai.</span> <span class='ocrx_word' id='word_1_13' title='bbox 895 742 1134 823; x_wconf 59' lang='lat' dir='ltr'>Hungasomffi</span> 
     </span>
     <span class='ocr_line' id='line_1_5' title="bbox 355 829 743 893; baseline 0.008 -3"><span class='ocrx_word' id='word_1_14' title='bbox 355 829 517 893; x_wconf 89' lang='lat' dir='ltr'>lohannes</span> <span class='ocrx_word' id='word_1_15' title='bbox 540 830 624 893; x_wconf 87' lang='lat' dir='ltr'>filius</span> <span class='ocrx_word' id='word_1_16' title='bbox 647 829 743 893; x_wconf 88' lang='lat' dir='ltr'>Petri.</span> 
     </span>
    </p>

    <p class='ocr_par' dir='ltr' id='par_1_5' title="bbox 354 935 683 1018">
     <span class='ocr_line' id='line_1_6' title="bbox 354 935 683 1018; baseline 0.006 -21"><span class='ocrx_word' id='word_1_17' title='bbox 354 935 516 998; x_wconf 82' lang='lat' dir='ltr'>lohannes</span> <span class='ocrx_word' id='word_1_18' title='bbox 538 956 683 1018; x_wconf 83' lang='lat' dir='ltr'>magnus.</span> 
     </span>
    </p>
   </div>
   <div class='ocr_carea' id='block_1_3' title="bbox 351 1148 768 1657">
    <p class='ocr_par' dir='ltr' id='par_1_6' title="bbox 351 1148 768 1657">
     <span class='ocr_line' id='line_1_7' title="bbox 354 1148 623 1210; baseline 0.004 -1"><span class='ocrx_word' id='word_1_19' title='bbox 354 1148 512 1210; x_wconf 88' lang='lat' dir='ltr'><strong>Dominus</strong></span> <span class='ocrx_word' id='word_1_20' title='bbox 542 1149 623 1210; x_wconf 90' lang='lat' dir='ltr'>Pero</span> 
     </span>
     <span class='ocr_line' id='line_1_8' title="bbox 353 1254 682 1317; baseline 0.003 -2"><span class='ocrx_word' id='word_1_21' title='bbox 353 1254 513 1316; x_wconf 85' lang='lat' dir='ltr'>Dominus</span> <span class='ocrx_word' id='word_1_22' title='bbox 536 1255 682 1317; x_wconf 91' lang='lat' dir='ltr'>Donatus</span> 
     </span>
     <span class='ocr_line' id='line_1_9' title="bbox 353 1359 768 1442; baseline 0.01 -22"><span class='ocrx_word' id='word_1_23' title='bbox 353 1359 520 1442; x_wconf 81' lang='lat' dir='ltr'><strong>Philippus</strong></span> <span class='ocrx_word' id='word_1_24' title='bbox 543 1359 627 1422; x_wconf 92' lang='lat' dir='ltr'>filius</span> <span class='ocrx_word' id='word_1_25' title='bbox 655 1361 768 1425; x_wconf 83' lang='lat' dir='ltr'>Mauri.</span> 
     </span>
     <span class='ocr_line' id='line_1_10' title="bbox 353 1466 602 1530; baseline 0.008 -3"><span class='ocrx_word' id='word_1_26' title='bbox 353 1467 439 1527; x_wconf 91' lang='lat' dir='ltr'>Luca</span> <span class='ocrx_word' id='word_1_27' title='bbox 463 1466 602 1530; x_wconf 91' lang='lat' dir='ltr'>Bonioli.</span> 
     </span>
     <span class='ocr_line' id='line_1_11' title="bbox 351 1572 680 1657; baseline 0.003 -23"><span class='ocrx_word' id='word_1_28' title='bbox 351 1572 534 1635; x_wconf 85' lang='lat' dir='ltr'>Anthonius</span> <span class='ocrx_word' id='word_1_29' title='bbox 558 1573 680 1657; x_wconf 85' lang='lat' dir='ltr'>Renyz.</span> 
     </span>
    </p>
   </div>
   <div class='ocr_carea' id='block_1_4' title="bbox 721 1149 1136 1403">
    <p class='ocr_par' dir='ltr' id='par_1_7' title="bbox 721 1149 1136 1403">
     <span class='ocr_line' id='line_1_12' title="bbox 721 1149 1136 1403; baseline -0.012 -128"><span class='ocrx_word' id='word_1_30' title='bbox 721 1151 735 1344; x_wconf 46' lang='grc' dir='ltr'>ἓ</span> <span class='ocrx_word' id='word_1_31' title='bbox 772 1211 910 1275; x_wconf 92' lang='lat' dir='ltr'>condam</span> <span class='ocrx_word' id='word_1_32' title='bbox 933 1210 1065 1292; x_wconf 86' lang='lat' dir='ltr'>judices.</span> <span class='ocrx_word' id='word_1_33' title='bbox 1121 1149 1136 1403; x_wconf 77' lang='grc' dir='ltr'>Ι</span> 
     </span>
    </p>
   </div>
   <div class='ocr_carea' id='block_1_5' title="bbox 1124 1375 1379 1668">
    <p class='ocr_par' dir='ltr' id='par_1_8' title="bbox 1124 1375 1379 1668">
     <span class='ocr_line' id='line_1_13' title="bbox 1124 1375 1379 1668; baseline 0.008 -230"><span class='ocrx_word' id='word_1_34' title='bbox 1124 1405 1140 1668; x_wconf 62' lang='lat' dir='ltr'>p</span> <span class='ocrx_word' id='word_1_35' title='bbox 1170 1375 1379 1440; x_wconf 89' lang='lat' dir='ltr'>Gallicorum.</span> 
     </span>
    </p>
   </div>
   <div class='ocr_carea' id='block_1_6' title="bbox 350 1784 1401 2272">
    <p class='ocr_par' dir='ltr' id='par_1_9' title="bbox 351 1784 1032 1867">
     <span class='ocr_line' id='line_1_14' title="bbox 351 1784 1032 1867; baseline 0.001 -21"><span class='ocrx_word' id='word_1_36' title='bbox 351 1785 511 1847; x_wconf 88' lang='lat' dir='ltr'>Dominus</span> <span class='ocrx_word' id='word_1_37' title='bbox 535 1785 739 1864; x_wconf 91' lang='lat' dir='ltr'>Jacomellus,</span> <span class='ocrx_word' id='word_1_38' title='bbox 763 1784 902 1847; x_wconf 90' lang='lat' dir='ltr'>condam</span> <span class='ocrx_word' id='word_1_39' title='bbox 926 1784 1032 1867; x_wconf 83' lang='lat' dir='ltr'>judex.</span> 
     </span>
    </p>

    <p class='ocr_par' dir='ltr' id='par_1_10' title="bbox 351 1890 694 1974">
     <span class='ocr_line' id='line_1_15' title="bbox 351 1890 694 1974; baseline 0.006 -23"><span class='ocrx_word' id='word_1_40' title='bbox 351 1890 499 1974; x_wconf 90' lang='lat' dir='ltr'>Mychael</span> <span class='ocrx_word' id='word_1_41' title='bbox 523 1890 694 1973; x_wconf 88' lang='lat' dir='ltr'>Orthophi.</span> 
     </span>
    </p>

    <p class='ocr_par' dir='ltr' id='par_1_11' title="bbox 351 1997 1401 2166">
     <span class='ocr_line' id='line_1_16' title="bbox 351 1997 1401 2080; baseline -0.005 -21"><span class='ocrx_word' id='word_1_42' title='bbox 351 1998 502 2059; x_wconf 88' lang='lat' dir='ltr'>Miclinus</span> <span class='ocrx_word' id='word_1_43' title='bbox 525 1997 715 2059; x_wconf 90' lang='lat' dir='ltr'>thetonicus.</span> <span class='ocrx_word' id='word_1_44' title='bbox 1135 2016 1401 2080; x_wconf 41' lang='lat' dir='ltr'><strong>Thetonicomm·</strong></span> 
     </span>
     <span class='ocr_line' id='line_1_17' title="bbox 351 2104 644 2166; baseline 0 0"><span class='ocrx_word' id='word_1_45' title='bbox 351 2104 512 2166; x_wconf 89' lang='lat' dir='ltr'>Janslinus</span> <span class='ocrx_word' id='word_1_46' title='bbox 533 2116 644 2166; x_wconf 88' lang='lat' dir='ltr'>tascar.</span> 
     </span>
    </p>

    <p class='ocr_par' dir='ltr' id='par_1_12' title="bbox 350 2209 713 2272">
     <span class='ocr_line' id='line_1_18' title="bbox 350 2209 713 2272; baseline 0 -1"><span class='ocrx_word' id='word_1_47' title='bbox 350 2211 436 2272; x_wconf 89' lang='lat' dir='ltr'>lwan</span> <span class='ocrx_word' id='word_1_48' title='bbox 461 2209 545 2271; x_wconf 86' lang='lat' dir='ltr'>filius</span> <span class='ocrx_word' id='word_1_49' title='bbox 569 2209 713 2271; x_wconf 85' lang='lat' dir='ltr'>lanslini.</span> 
     </span>
    </p>
   </div>
   <div class='ocr_carea' id='block_1_7' title="bbox 243 2419 1505 2716">
    <p class='ocr_par' dir='ltr' id='par_1_13' title="bbox 243 2419 1505 2716">
     <span class='ocr_line' id='line_1_19' title="bbox 349 2419 1504 2505; baseline -0.001 -20"><span class='ocrx_word' id='word_1_50' title='bbox 349 2424 445 2501; x_wconf 90' lang='lat' dir='ltr'>Nota,</span> <span class='ocrx_word' id='word_1_51' title='bbox 470 2420 558 2504; x_wconf 91' lang='lat' dir='ltr'>quod</span> <span class='ocrx_word' id='word_1_52' title='bbox 582 2434 728 2503; x_wconf 90' lang='lat' dir='ltr'>tempore</span> <span class='ocrx_word' id='word_1_53' title='bbox 744 2419 902 2502; x_wconf 88' lang='lat' dir='ltr'>judicatus</span> <span class='ocrx_word' id='word_1_54' title='bbox 916 2420 1042 2483; x_wconf 89' lang='lat' dir='ltr'>domini</span> <span class='ocrx_word' id='word_1_55' title='bbox 1060 2421 1219 2484; x_wconf 87' lang='lat' dir='ltr'>Francisci</span> <span class='ocrx_word' id='word_1_56' title='bbox 1237 2421 1381 2505; x_wconf 87' lang='lat' dir='ltr'>predicti,</span> <span class='ocrx_word' id='word_1_57' title='bbox 1398 2421 1504 2504; x_wconf 88' lang='lat' dir='ltr'>primo</span> 
     </span>
     <span class='ocr_line' id='line_1_20' title="bbox 246 2525 1505 2612; baseline -0.002 -21"><span class='ocrx_word' id='word_1_58' title='bbox 246 2550 303 2612; x_wconf 92' lang='lat' dir='ltr'>per</span> <span class='ocrx_word' id='word_1_59' title='bbox 327 2529 467 2591; x_wconf 91' lang='lat' dir='ltr'>eundem</span> <span class='ocrx_word' id='word_1_60' title='bbox 491 2527 641 2609; x_wconf 91' lang='lat' dir='ltr'>judicem,</span> <span class='ocrx_word' id='word_1_61' title='bbox 665 2525 785 2607; x_wconf 90' lang='lat' dir='ltr'>juratos</span> <span class='ocrx_word' id='word_1_62' title='bbox 817 2539 848 2588; x_wconf 92' lang='lat' dir='ltr'>et</span> <span class='ocrx_word' id='word_1_63' title='bbox 878 2538 978 2588; x_wconf 92' lang='lat' dir='ltr'>totam</span> <span class='ocrx_word' id='word_1_64' title='bbox 1003 2528 1268 2590; x_wconf 81' lang='lat' dir='ltr'>communitatem</span> <span class='ocrx_word' id='word_1_65' title='bbox 1299 2525 1359 2590; x_wconf 87' lang='lat' dir='ltr'>fuit</span> <span class='ocrx_word' id='word_1_66' title='bbox 1382 2526 1505 2589; x_wconf 90' lang='lat' dir='ltr'>editum</span> 
     </span>
     <span class='ocr_line' id='line_1_21' title="bbox 243 2632 1502 2716; baseline -0.002 -18"><span class='ocrx_word' id='word_1_67' title='bbox 243 2649 274 2698; x_wconf 92' lang='lat' dir='ltr'>et</span> <span class='ocrx_word' id='word_1_68' title='bbox 297 2649 451 2698; x_wconf 89' lang='lat' dir='ltr'>statutum</span> <span class='ocrx_word' id='word_1_69' title='bbox 475 2634 584 2695; x_wconf 90' lang='lat' dir='ltr'>animo</span> <span class='ocrx_word' id='word_1_70' title='bbox 608 2633 796 2711; x_wconf 88' lang='lat' dir='ltr'>deliberato,</span> <span class='ocrx_word' id='word_1_71' title='bbox 813 2632 901 2713; x_wconf 93' lang='lat' dir='ltr'>quod</span> <span class='ocrx_word' id='word_1_72' title='bbox 925 2646 1040 2696; x_wconf 88' lang='lat' dir='ltr'>statuta</span> <span class='ocrx_word' id='word_1_73' title='bbox 1065 2653 1119 2716; x_wconf 88' lang='lat' dir='ltr'>per</span> <span class='ocrx_word' id='word_1_74' title='bbox 1136 2646 1262 2695; x_wconf 88' lang='lat' dir='ltr'>nostros</span> <span class='ocrx_word' id='word_1_75' title='bbox 1285 2646 1502 2695; x_wconf 76' lang='lat' dir='ltr'>antecessores</span> 
     </span>
    </p>
   </div>
   <div class='ocr_carea' id='block_1_8' title="bbox 243 2737 1615 2824">
    <p class='ocr_par' dir='ltr' id='par_1_14' title="bbox 243 2737 1615 2824">
     <span class='ocr_line' id='line_1_22' title="bbox 243 2737 1615 2824; baseline -0.003 -20"><span class='ocrx_word' id='word_1_76' title='bbox 243 2755 274 2804; x_wconf 91' lang='lat' dir='ltr'>et</span> <span class='ocrx_word' id='word_1_77' title='bbox 283 2741 524 2824; x_wconf 86' lang='lat' dir='ltr'>predecessores</span> <span class='ocrx_word' id='word_1_78' title='bbox 533 2739 613 2801; x_wconf 82' lang='lat' dir='ltr'>lacta</span> <span class='ocrx_word' id='word_1_79' title='bbox 631 2752 662 2800; x_wconf 93' lang='lat' dir='ltr'>et</span> <span class='ocrx_word' id='word_1_80' title='bbox 678 2737 824 2800; x_wconf 91' lang='lat' dir='ltr'>ordinata</span> <span class='ocrx_word' id='word_1_81' title='bbox 837 2739 1145 2821; x_wconf 89' lang='lat' dir='ltr'>quomodocumque</span> <span class='ocrx_word' id='word_1_82' title='bbox 1158 2739 1210 2802; x_wconf 86' lang='lat' dir='ltr'>vel</span> <span class='ocrx_word' id='word_1_83' title='bbox 1225 2739 1506 2821; x_wconf 87' lang='lat' dir='ltr'>qualitercumque</span> <span class='ocrx_word' id='word_1_84' title='bbox 1614 2775 1615 2778; x_wconf 61' lang='lat'><em>=</em></span> 
     </span>
    </p>
   </div>
   <div class='ocr_carea' id='block_1_9' title="bbox 239 2842 1505 4816">
    <p class='ocr_par' dir='ltr' id='par_1_15' title="bbox 240 2842 1505 3249">
     <span class='ocr_line' id='line_1_23' title="bbox 244 2842 1504 2927; baseline -0.003 -17"><span class='ocrx_word' id='word_1_85' title='bbox 244 2848 277 2910; x_wconf 92' lang='lat' dir='ltr'>in</span> <span class='ocrx_word' id='word_1_86' title='bbox 301 2867 360 2910; x_wconf 90' lang='lat' dir='ltr'>suo</span> <span class='ocrx_word' id='word_1_87' title='bbox 389 2861 501 2909; x_wconf 91' lang='lat' dir='ltr'>tenore</span> <span class='ocrx_word' id='word_1_88' title='bbox 533 2845 702 2908; x_wconf 91' lang='lat' dir='ltr'>existencia</span> <span class='ocrx_word' id='word_1_89' title='bbox 735 2846 967 2927; x_wconf 86' lang='lat' dir='ltr'>approbamus,</span> <span class='ocrx_word' id='word_1_90' title='bbox 991 2843 1183 2907; x_wconf 87' lang='lat' dir='ltr'>ratificamus</span> <span class='ocrx_word' id='word_1_91' title='bbox 1214 2858 1245 2908; x_wconf 96' lang='lat' dir='ltr'>et</span> <span class='ocrx_word' id='word_1_92' title='bbox 1277 2842 1504 2909; x_wconf 88' lang='lat' dir='ltr'>confirmamus</span> 
     </span>
     <span class='ocr_line' id='line_1_24' title="bbox 242 2950 1505 3035; baseline -0.002 -20"><span class='ocrx_word' id='word_1_93' title='bbox 242 2966 396 3035; x_wconf 89' lang='lat' dir='ltr'>perpetue</span> <span class='ocrx_word' id='word_1_94' title='bbox 421 2952 555 3014; x_wconf 86' lang='lat' dir='ltr'>valitura</span> <span class='ocrx_word' id='word_1_95' title='bbox 574 2964 604 3013; x_wconf 94' lang='lat' dir='ltr'>et</span> <span class='ocrx_word' id='word_1_96' title='bbox 621 2950 783 3029; x_wconf 89' lang='lat' dir='ltr'>duratura,</span> <span class='ocrx_word' id='word_1_97' title='bbox 807 2970 848 3012; x_wconf 91' lang='lat' dir='ltr'>ne</span> <span class='ocrx_word' id='word_1_98' title='bbox 872 2970 928 3033; x_wconf 92' lang='lat' dir='ltr'>per</span> <span class='ocrx_word' id='word_1_99' title='bbox 944 2952 1131 3034; x_wconf 89' lang='lat' dir='ltr'>quempiam</span> <span class='ocrx_word' id='word_1_100' title='bbox 1155 2964 1326 3013; x_wconf 89' lang='lat' dir='ltr'>retractura</span> <span class='ocrx_word' id='word_1_101' title='bbox 1350 2963 1446 3033; x_wconf 93' lang='lat' dir='ltr'>prout</span> <span class='ocrx_word' id='word_1_102' title='bbox 1469 2951 1505 3012; x_wconf 89' lang='lat' dir='ltr'>in</span> 
     </span>
     <span class='ocr_line' id='line_1_25' title="bbox 242 3054 1503 3139; baseline -0.002 -19"><span class='ocrx_word' id='word_1_103' title='bbox 242 3073 351 3122; x_wconf 92' lang='lat' dir='ltr'>nostra</span> <span class='ocrx_word' id='word_1_104' title='bbox 375 3059 540 3121; x_wconf 91' lang='lat' dir='ltr'>communi</span> <span class='ocrx_word' id='word_1_105' title='bbox 572 3059 701 3119; x_wconf 89' lang='lat' dir='ltr'>katerna</span> <span class='ocrx_word' id='word_1_106' title='bbox 725 3056 853 3139; x_wconf 90' lang='lat' dir='ltr'>plenius</span> <span class='ocrx_word' id='word_1_107' title='bbox 883 3057 1088 3119; x_wconf 92' lang='lat' dir='ltr'>continentur</span> <span class='ocrx_word' id='word_1_108' title='bbox 1111 3076 1184 3118; x_wconf 91' lang='lat' dir='ltr'>cum</span> <span class='ocrx_word' id='word_1_109' title='bbox 1217 3057 1341 3120; x_wconf 89' lang='lat' dir='ltr'>statutis</span> <span class='ocrx_word' id='word_1_110' title='bbox 1365 3054 1447 3118; x_wconf 87' lang='lat' dir='ltr'>infra</span> <span class='ocrx_word' id='word_1_111' title='bbox 1471 3069 1503 3118; x_wconf 97' lang='lat' dir='ltr'>et</span> 
     </span>
     <span class='ocr_line' id='line_1_26' title="bbox 240 3163 1337 3249; baseline -0.001 -22"><span class='ocrx_word' id='word_1_112' title='bbox 240 3186 334 3249; x_wconf 92' lang='lat' dir='ltr'>supra</span> <span class='ocrx_word' id='word_1_113' title='bbox 359 3165 483 3248; x_wconf 90' lang='lat' dir='ltr'>scriptis</span> <span class='ocrx_word' id='word_1_114' title='bbox 505 3185 563 3247; x_wconf 92' lang='lat' dir='ltr'>per</span> <span class='ocrx_word' id='word_1_115' title='bbox 586 3163 726 3225; x_wconf 92' lang='lat' dir='ltr'>eundem</span> <span class='ocrx_word' id='word_1_116' title='bbox 750 3163 890 3244; x_wconf 91' lang='lat' dir='ltr'>judicem</span> <span class='ocrx_word' id='word_1_117' title='bbox 914 3163 1119 3224; x_wconf 89' lang='lat' dir='ltr'>Franciscum</span> <span class='ocrx_word' id='word_1_118' title='bbox 1144 3163 1337 3226; x_wconf 89' lang='lat' dir='ltr'>deliberatis.</span> 
     </span>
    </p>

    <p class='ocr_par' dir='ltr' id='par_1_16' title="bbox 239 3267 1505 4816">
     <span class='ocr_line' id='line_1_27' title="bbox 346 3267 1501 3350; baseline -0.002 -18"><span class='ocrx_word' id='word_1_119' title='bbox 346 3271 424 3333; x_wconf 92' lang='lat' dir='ltr'>ltem</span> <span class='ocrx_word' id='word_1_120' title='bbox 448 3271 616 3333; x_wconf 89' lang='lat' dir='ltr'>statuimus</span> <span class='ocrx_word' id='word_1_121' title='bbox 639 3282 671 3332; x_wconf 91' lang='lat' dir='ltr'>et</span> <span class='ocrx_word' id='word_1_122' title='bbox 694 3269 803 3329; x_wconf 91' lang='lat' dir='ltr'>animo</span> <span class='ocrx_word' id='word_1_123' title='bbox 834 3268 1011 3330; x_wconf 90' lang='lat' dir='ltr'>deliberato</span> <span class='ocrx_word' id='word_1_124' title='bbox 1032 3268 1242 3348; x_wconf 91' lang='lat' dir='ltr'>decrevimus,</span> <span class='ocrx_word' id='word_1_125' title='bbox 1267 3268 1396 3350; x_wconf 92' lang='lat' dir='ltr'>quoda</span> <span class='ocrx_word' id='word_1_126' title='bbox 1420 3267 1501 3330; x_wconf 84' lang='lat' dir='ltr'>sesto</span> 
     </span>
     <span class='ocr_line' id='line_1_28' title="bbox 240 3374 1500 3457; baseline -0.002 -20"><span class='ocrx_word' id='word_1_127' title='bbox 240 3376 324 3438; x_wconf 90' lang='lat' dir='ltr'>beati</span> <span class='ocrx_word' id='word_1_128' title='bbox 339 3376 467 3439; x_wconf 91' lang='lat' dir='ltr'>Martini</span> <span class='ocrx_word' id='word_1_129' title='bbox 481 3374 671 3438; x_wconf 81' lang='lat' dir='ltr'>confessoris</span> <span class='ocrx_word' id='word_1_130' title='bbox 683 3393 793 3457; x_wconf 85' lang='lat' dir='ltr'>usque,</span> <span class='ocrx_word' id='word_1_131' title='bbox 806 3393 927 3436; x_wconf 92' lang='lat' dir='ltr'>novum</span> <span class='ocrx_word' id='word_1_132' title='bbox 941 3374 1052 3435; x_wconf 90' lang='lat' dir='ltr'>vinum</span> <span class='ocrx_word' id='word_1_133' title='bbox 1073 3393 1129 3435; x_wconf 91' lang='lat' dir='ltr'>seu</span> <span class='ocrx_word' id='word_1_134' title='bbox 1142 3374 1338 3436; x_wconf 86' lang='lat' dir='ltr'>vindemiam</span> <span class='ocrx_word' id='word_1_135' title='bbox 1354 3374 1500 3456; x_wconf 91' lang='lat' dir='ltr'>quicum·</span> 
     </span>
     <span class='ocr_line' id='line_1_29' title="bbox 241 3479 1503 3564; baseline -0.002 -21"><span class='ocrx_word' id='word_1_136' title='bbox 241 3502 303 3564; x_wconf 92' lang='lat' dir='ltr'>que</span> <span class='ocrx_word' id='word_1_137' title='bbox 320 3482 489 3544; x_wconf 90' lang='lat' dir='ltr'>hominum</span> <span class='ocrx_word' id='word_1_138' title='bbox 506 3494 728 3543; x_wconf 85' lang='lat' dir='ltr'>extraneorum</span> <span class='ocrx_word' id='word_1_139' title='bbox 746 3479 856 3540; x_wconf 85' lang='lat' dir='ltr'>vinum</span> <span class='ocrx_word' id='word_1_140' title='bbox 874 3480 906 3540; x_wconf 95' lang='lat' dir='ltr'>in</span> <span class='ocrx_word' id='word_1_141' title='bbox 923 3500 1017 3541; x_wconf 90' lang='lat' dir='ltr'>curru</span> <span class='ocrx_word' id='word_1_142' title='bbox 1042 3481 1074 3541; x_wconf 93' lang='lat' dir='ltr'>in</span> <span class='ocrx_word' id='word_1_143' title='bbox 1092 3494 1233 3542; x_wconf 90' lang='lat' dir='ltr'>nostram</span> <span class='ocrx_word' id='word_1_144' title='bbox 1250 3480 1410 3543; x_wconf 87' lang='lat' dir='ltr'>civitatem</span> <span class='ocrx_word' id='word_1_145' title='bbox 1428 3499 1503 3541; x_wconf 92' lang='lat' dir='ltr'>con-</span> 
     </span>
     <span class='ocr_line' id='line_1_30' title="bbox 242 3584 1501 3670; baseline -0.001 -21"><span class='ocrx_word' id='word_1_146' title='bbox 242 3588 376 3667; x_wconf 84' lang='lat' dir='ltr'>duxerit,</span> <span class='ocrx_word' id='word_1_147' title='bbox 394 3588 564 3670; x_wconf 88' lang='lat' dir='ltr'>propinare</span> <span class='ocrx_word' id='word_1_148' title='bbox 588 3585 772 3647; x_wconf 90' lang='lat' dir='ltr'>nullatenus</span> <span class='ocrx_word' id='word_1_149' title='bbox 787 3584 904 3647; x_wconf 91' lang='lat' dir='ltr'>audeat</span> <span class='ocrx_word' id='word_1_150' title='bbox 920 3605 978 3647; x_wconf 89' lang='lat' dir='ltr'>nec</span> <span class='ocrx_word' id='word_1_151' title='bbox 994 3599 1223 3668; x_wconf 88' lang='lat' dir='ltr'>presumpmat,</span> <span class='ocrx_word' id='word_1_152' title='bbox 1248 3586 1303 3647; x_wconf 88' lang='lat' dir='ltr'>sed</span> <span class='ocrx_word' id='word_1_153' title='bbox 1328 3585 1360 3647; x_wconf 93' lang='lat' dir='ltr'>in</span> <span class='ocrx_word' id='word_1_154' title='bbox 1385 3584 1501 3648; x_wconf 89' lang='lat' dir='ltr'>eodem</span> 
     </span>
     <span class='ocr_line' id='line_1_31' title="bbox 242 3690 1505 3775; baseline -0.001 -21"><span class='ocrx_word' id='word_1_155' title='bbox 242 3713 346 3773; x_wconf 93' lang='lat' dir='ltr'>curru,</span> <span class='ocrx_word' id='word_1_156' title='bbox 371 3708 480 3756; x_wconf 90' lang='lat' dir='ltr'>nostro</span> <span class='ocrx_word' id='word_1_157' title='bbox 504 3713 560 3754; x_wconf 92' lang='lat' dir='ltr'>seu</span> <span class='ocrx_word' id='word_1_158' title='bbox 585 3692 700 3753; x_wconf 91' lang='lat' dir='ltr'>nostris</span> <span class='ocrx_word' id='word_1_159' title='bbox 723 3691 910 3753; x_wconf 86' lang='lat' dir='ltr'>concivibus</span> <span class='ocrx_word' id='word_1_160' title='bbox 930 3693 1035 3775; x_wconf 92' lang='lat' dir='ltr'>ipsum</span> <span class='ocrx_word' id='word_1_161' title='bbox 1060 3692 1170 3754; x_wconf 84' lang='lat' dir='ltr'>vinum</span> <span class='ocrx_word' id='word_1_162' title='bbox 1202 3692 1341 3754; x_wconf 91' lang='lat' dir='ltr'>vendere</span> <span class='ocrx_word' id='word_1_163' title='bbox 1366 3690 1505 3768; x_wconf 87' lang='lat' dir='ltr'>debent;</span> 
     </span>
     <span class='ocr_line' id='line_1_32' title="bbox 240 3796 1501 3881; baseline -0.002 -20"><span class='ocrx_word' id='word_1_164' title='bbox 240 3799 431 3881; x_wconf 91' lang='lat' dir='ltr'>quiquidem</span> <span class='ocrx_word' id='word_1_165' title='bbox 455 3811 581 3881; x_wconf 91' lang='lat' dir='ltr'>emptor</span> <span class='ocrx_word' id='word_1_166' title='bbox 601 3797 701 3879; x_wconf 91' lang='lat' dir='ltr'>ipsius</span> <span class='ocrx_word' id='word_1_167' title='bbox 724 3796 789 3858; x_wconf 88' lang='lat' dir='ltr'>vini</span> <span class='ocrx_word' id='word_1_168' title='bbox 807 3796 955 3879; x_wconf 91' lang='lat' dir='ltr'>deposito</span> <span class='ocrx_word' id='word_1_169' title='bbox 979 3798 1067 3880; x_wconf 88' lang='lat' dir='ltr'>prius</span> <span class='ocrx_word' id='word_1_170' title='bbox 1088 3798 1247 3879; x_wconf 92' lang='lat' dir='ltr'>corporali</span> <span class='ocrx_word' id='word_1_171' title='bbox 1264 3797 1444 3879; x_wconf 78' lang='lat' dir='ltr'>juramento</span> <span class='ocrx_word' id='word_1_172' title='bbox 1468 3796 1501 3858; x_wconf 89' lang='lat' dir='ltr'>in</span> 
     </span>
     <span class='ocr_line' id='line_1_33' title="bbox 241 3903 1503 3986; baseline -0.002 -20"><span class='ocrx_word' id='word_1_173' title='bbox 241 3906 407 3986; x_wconf 90' lang='lat' dir='ltr'>presencia</span> <span class='ocrx_word' id='word_1_174' title='bbox 430 3904 546 3986; x_wconf 89' lang='lat' dir='ltr'>judicis</span> <span class='ocrx_word' id='word_1_175' title='bbox 581 3916 686 3964; x_wconf 90' lang='lat' dir='ltr'>nostre</span> <span class='ocrx_word' id='word_1_176' title='bbox 718 3903 852 3966; x_wconf 87' lang='lat' dir='ltr'>civitatis</span> <span class='ocrx_word' id='word_1_177' title='bbox 884 3904 935 3966; x_wconf 84' lang='lat' dir='ltr'>vel</span> <span class='ocrx_word' id='word_1_178' title='bbox 960 3904 1028 3965; x_wconf 91' lang='lat' dir='ltr'>eius</span> <span class='ocrx_word' id='word_1_179' title='bbox 1059 3904 1225 3965; x_wconf 88' lang='lat' dir='ltr'>assessoris</span> <span class='ocrx_word' id='word_1_180' title='bbox 1248 3923 1281 3964; x_wconf 91' lang='lat' dir='ltr'>se</span> <span class='ocrx_word' id='word_1_181' title='bbox 1305 3903 1420 3966; x_wconf 89' lang='lat' dir='ltr'>debeat</span> <span class='ocrx_word' id='word_1_182' title='bbox 1452 3923 1503 3964; x_wconf 81' lang='lat' dir='ltr'>ex·</span> 
     </span>
     <span class='ocr_line' id='line_1_34' title="bbox 240 4009 1504 4093; baseline -0.001 -21"><span class='ocrx_word' id='word_1_183' title='bbox 240 4030 387 4093; x_wconf 86' lang='lat' dir='ltr'>purgare,</span> <span class='ocrx_word' id='word_1_184' title='bbox 411 4010 500 4093; x_wconf 91' lang='lat' dir='ltr'>quod</span> <span class='ocrx_word' id='word_1_185' title='bbox 524 4009 647 4071; x_wconf 89' lang='lat' dir='ltr'>nullam</span> <span class='ocrx_word' id='word_1_186' title='bbox 671 4009 934 4073; x_wconf 91' lang='lat' dir='ltr'>communitatem</span> <span class='ocrx_word' id='word_1_187' title='bbox 959 4029 1015 4071; x_wconf 91' lang='lat' dir='ltr'>seu</span> <span class='ocrx_word' id='word_1_188' title='bbox 1038 4011 1222 4071; x_wconf 88' lang='lat' dir='ltr'>societatem</span> <span class='ocrx_word' id='word_1_189' title='bbox 1246 4009 1394 4071; x_wconf 88' lang='lat' dir='ltr'>habuerit</span> <span class='ocrx_word' id='word_1_190' title='bbox 1410 4022 1504 4071; x_wconf 90' lang='lat' dir='ltr'>antea</span> 
     </span>
     <span class='ocr_line' id='line_1_35' title="bbox 239 4114 1502 4199; baseline 0 -22"><span class='ocrx_word' id='word_1_191' title='bbox 239 4117 292 4178; x_wconf 86' lang='lat' dir='ltr'>vel</span> <span class='ocrx_word' id='word_1_192' title='bbox 316 4131 388 4199; x_wconf 90' lang='lat' dir='ltr'>post</span> <span class='ocrx_word' id='word_1_193' title='bbox 405 4118 437 4179; x_wconf 92' lang='lat' dir='ltr'>in</span> <span class='ocrx_word' id='word_1_194' title='bbox 461 4118 538 4178; x_wconf 88' lang='lat' dir='ltr'>vino</span> <span class='ocrx_word' id='word_1_195' title='bbox 556 4115 718 4199; x_wconf 89' lang='lat' dir='ltr'>predicto;</span> <span class='ocrx_word' id='word_1_196' title='bbox 744 4116 874 4197; x_wconf 88' lang='lat' dir='ltr'>quodsi</span> <span class='ocrx_word' id='word_1_197' title='bbox 900 4117 932 4178; x_wconf 91' lang='lat' dir='ltr'>in</span> <span class='ocrx_word' id='word_1_198' title='bbox 956 4116 1096 4199; x_wconf 81' lang='lat' dir='ltr'>perjurio</span> <span class='ocrx_word' id='word_1_199' title='bbox 1113 4116 1325 4199; x_wconf 90' lang='lat' dir='ltr'>reprehensus</span> <span class='ocrx_word' id='word_1_200' title='bbox 1348 4114 1445 4177; x_wconf 87' lang='lat' dir='ltr'>fuerit</span> <span class='ocrx_word' id='word_1_201' title='bbox 1468 4116 1502 4178; x_wconf 92' lang='lat' dir='ltr'>in</span> 
     </span>
     <span class='ocr_line' id='line_1_36' title="bbox 239 4220 1499 4303; baseline -0.001 -21"><span class='ocrx_word' id='word_1_202' title='bbox 239 4222 373 4303; x_wconf 86' lang='lat' dir='ltr'>singulis</span> <span class='ocrx_word' id='word_1_203' title='bbox 397 4223 455 4285; x_wconf 86' lang='lat' dir='ltr'>Xll</span> <span class='ocrx_word' id='word_1_204' title='bbox 480 4222 618 4285; x_wconf 91' lang='lat' dir='ltr'>denariis</span> <span class='ocrx_word' id='word_1_205' title='bbox 643 4222 709 4303; x_wconf 88' lang='lat' dir='ltr'>ipsa</span> <span class='ocrx_word' id='word_1_206' title='bbox 734 4221 862 4283; x_wconf 92' lang='lat' dir='ltr'>racione</span> <span class='ocrx_word' id='word_1_207' title='bbox 887 4223 1111 4285; x_wconf 88' lang='lat' dir='ltr'>conscribatur.</span> <span class='ocrx_word' id='word_1_208' title='bbox 1138 4221 1201 4283; x_wconf 92' lang='lat' dir='ltr'>Sed</span> <span class='ocrx_word' id='word_1_209' title='bbox 1225 4221 1385 4301; x_wconf 86' lang='lat' dir='ltr'>volumus,</span> <span class='ocrx_word' id='word_1_210' title='bbox 1410 4220 1499 4302; x_wconf 93' lang='lat' dir='ltr'>quod</span> 
     </span>
     <span class='ocr_line' id='line_1_37' title="bbox 241 4327 1503 4410; baseline 0 -22"><span class='ocrx_word' id='word_1_211' title='bbox 241 4328 273 4389; x_wconf 93' lang='lat' dir='ltr'>in</span> <span class='ocrx_word' id='word_1_212' title='bbox 298 4329 451 4390; x_wconf 91' lang='lat' dir='ltr'>nundinis</span> <span class='ocrx_word' id='word_1_213' title='bbox 474 4349 530 4390; x_wconf 91' lang='lat' dir='ltr'>seu</span> <span class='ocrx_word' id='word_1_214' title='bbox 548 4328 800 4410; x_wconf 80' lang='lat' dir='ltr'>congregacione</span> <span class='ocrx_word' id='word_1_215' title='bbox 819 4328 909 4390; x_wconf 88' lang='lat' dir='ltr'>beate</span> <span class='ocrx_word' id='word_1_216' title='bbox 935 4328 1135 4409; x_wconf 88' lang='lat' dir='ltr'>Margarethe</span> <span class='ocrx_word' id='word_1_217' title='bbox 1151 4328 1284 4410; x_wconf 80' lang='lat' dir='ltr'>virginis</span> <span class='ocrx_word' id='word_1_218' title='bbox 1309 4342 1340 4389; x_wconf 91' lang='lat' dir='ltr'>et</span> <span class='ocrx_word' id='word_1_219' title='bbox 1365 4327 1503 4389; x_wconf 88' lang='lat' dir='ltr'>martiris</span> 
     </span>
     <span class='ocr_line' id='line_1_38' title="bbox 240 4433 1504 4516; baseline -0.002 -20"><span class='ocrx_word' id='word_1_220' title='bbox 240 4435 330 4496; x_wconf 91' lang='lat' dir='ltr'>omni</span> <span class='ocrx_word' id='word_1_221' title='bbox 353 4454 439 4497; x_wconf 91' lang='lat' dir='ltr'>anno</span> <span class='ocrx_word' id='word_1_222' title='bbox 464 4435 659 4516; x_wconf 91' lang='lat' dir='ltr'>quicumque</span> <span class='ocrx_word' id='word_1_223' title='bbox 684 4433 822 4496; x_wconf 90' lang='lat' dir='ltr'>voluerit</span> <span class='ocrx_word' id='word_1_224' title='bbox 850 4433 985 4496; x_wconf 90' lang='lat' dir='ltr'>liberam</span> <span class='ocrx_word' id='word_1_225' title='bbox 1009 4435 1140 4498; x_wconf 88' lang='lat' dir='ltr'>habebit</span> <span class='ocrx_word' id='word_1_226' title='bbox 1163 4434 1276 4495; x_wconf 83' lang='lat' dir='ltr'>vinum</span> <span class='ocrx_word' id='word_1_227' title='bbox 1300 4433 1504 4496; x_wconf 89' lang='lat' dir='ltr'>conducendi</span> 
     </span>
     <span class='ocr_line' id='line_1_39' title="bbox 241 4539 1503 4621; baseline -0.002 -19"><span class='ocrx_word' id='word_1_228' title='bbox 241 4554 272 4602; x_wconf 93' lang='lat' dir='ltr'>et</span> <span class='ocrx_word' id='word_1_229' title='bbox 295 4560 367 4602; x_wconf 93' lang='lat' dir='ltr'>cum</span> <span class='ocrx_word' id='word_1_230' title='bbox 392 4559 540 4601; x_wconf 84' lang='lat' dir='ltr'>mensura</span> <span class='ocrx_word' id='word_1_231' title='bbox 557 4559 612 4601; x_wconf 90' lang='lat' dir='ltr'>seu</span> <span class='ocrx_word' id='word_1_232' title='bbox 630 4540 717 4621; x_wconf 88' lang='lat' dir='ltr'>pinta</span> <span class='ocrx_word' id='word_1_233' title='bbox 738 4552 844 4602; x_wconf 84' lang='lat' dir='ltr'>nostre</span> <span class='ocrx_word' id='word_1_234' title='bbox 861 4540 1111 4618; x_wconf 88' lang='lat' dir='ltr'>communitatis,</span> <span class='ocrx_word' id='word_1_235' title='bbox 1136 4539 1259 4602; x_wconf 88' lang='lat' dir='ltr'>nonde</span> <span class='ocrx_word' id='word_1_236' title='bbox 1284 4559 1378 4601; x_wconf 88' lang='lat' dir='ltr'>curru</span> <span class='ocrx_word' id='word_1_237' title='bbox 1404 4539 1503 4621; x_wconf 91' lang='lat' dir='ltr'>depo-</span> 
     </span>
     <span class='ocr_line' id='line_1_40' title="bbox 240 4645 1503 4729; baseline -0.001 -22"><span class='ocrx_word' id='word_1_238' title='bbox 240 4647 359 4726; x_wconf 88' lang='lat' dir='ltr'>nendo,</span> <span class='ocrx_word' id='word_1_239' title='bbox 383 4645 544 4708; x_wconf 87' lang='lat' dir='ltr'>vendendi</span> <span class='ocrx_word' id='word_1_240' title='bbox 577 4646 779 4723; x_wconf 87' lang='lat' dir='ltr'>facultatem;</span> <span class='ocrx_word' id='word_1_241' title='bbox 810 4645 866 4708; x_wconf 92' lang='lat' dir='ltr'>sed</span> <span class='ocrx_word' id='word_1_242' title='bbox 897 4666 1023 4729; x_wconf 88' lang='lat' dir='ltr'>semper</span> <span class='ocrx_word' id='word_1_243' title='bbox 1055 4648 1087 4708; x_wconf 92' lang='lat' dir='ltr'>in</span> <span class='ocrx_word' id='word_1_244' title='bbox 1118 4665 1213 4709; x_wconf 92' lang='lat' dir='ltr'>curru</span> <span class='ocrx_word' id='word_1_245' title='bbox 1239 4645 1355 4708; x_wconf 89' lang='lat' dir='ltr'>eodem</span> <span class='ocrx_word' id='word_1_246' title='bbox 1380 4645 1412 4706; x_wconf 92' lang='lat' dir='ltr'>in</span> <span class='ocrx_word' id='word_1_247' title='bbox 1437 4664 1503 4726; x_wconf 93' lang='lat' dir='ltr'>quo</span> 
     </span>
     <span class='ocr_line' id='line_1_41' title="bbox 241 4748 782 4816; baseline -0.004 0"><span class='ocrx_word' id='word_1_248' title='bbox 241 4752 438 4816; x_wconf 88' lang='lat' dir='ltr'>conductum</span> <span class='ocrx_word' id='word_1_249' title='bbox 461 4748 557 4815; x_wconf 87' lang='lat' dir='ltr'>fuerit</span> <span class='ocrx_word' id='word_1_250' title='bbox 580 4751 782 4815; x_wconf 87' lang='lat' dir='ltr'>reservando.</span> 
     </span>
    </p>
   </div>
   <div class='ocr_carea' id='block_1_10' title="bbox 0 0 1740 5234">
    <p class='ocr_par' dir='ltr' id='par_1_17' title="bbox 0 0 1740 5234">
     <span class='ocr_line' id='line_1_42' title="bbox 0 0 1740 5234; baseline 0 2"><span class='ocrx_word' id='word_1_251' title='bbox 0 0 1740 5234; x_wconf 95' lang='lat' dir='ltr'> </span> 
     </span>
    </p>
   </div>
  </div>
 </body>
</html>
