3472 5234
596 335 682 392 Anno
704 330 796 411 1385.
822 367 862 377 —
885 347 942 411 30.
958 334 1051 409 junri'.
1394 350 1456 413 243

298 543 377 606 Item
410 563 504 606 causa
529 543 698 604 Laurencii
730 543 868 604 condam
900 542 1015 623 judicis
1047 556 1156 605 contra
1181 543 1316 626 lurglyn
1341 543 1381 605 ad
1405 562 1458 605 oc·

194 663 303 711 tavum
329 649 416 711 diem
441 649 481 711 ad
505 669 617 732 pacem
641 663 687 711 est
710 662 847 731 recepta.

299 757 377 818 Item
401 776 494 817 causa
519 754 675 816 Anthonii
702 754 796 835 jurati
829 768 940 816 contra
964 755 1099 838 lurglyn
1131 755 1171 816 acl
1196 768 1347 817 octavum
1372 755 1458 816 diem

195 863 234 924 ad
259 882 372 945 pacem
397 874 444 923 est
467 873 603 942 recepta.

301 969 378 1030 Item
403 968 487 1029 Rees
511 980 621 1028 contra
644 965 826 1028 Mosnarich
851 966 993 1028 secundo
1023 966 1136 1028 citatus
1168 986 1234 1029 non
1266 968 1459 1050 comparuit.

300 1075 378 1136 Item
403 1073 525 1156 Symon
549 1085 658 1134 contra
684 1072 768 1133 Iwan
795 1071 946 1154 Loytrich
970 1071 1113 1134 secundo
1145 1073 1259 1134 citatus
1282 1092 1348 1134 non
1372 1092 1459 1135 com-

193 1181 309 1262 paruit.

300 1286 379 1348 Item
404 1305 498 1347 causa
515 1283 665 1366 Chupina
690 1296 800 1346 contra
820 1283 941 1346 Lucam
959 1283 1109 1366 Agacych
1135 1284 1174 1345 ad
1199 1297 1347 1347 octavum
1373 1285 1460 1347 diem

196 1393 234 1454 ad
259 1412 371 1475 pacem
396 1406 443 1454 est
467 1404 594 1472 recepta

301 1498 380 1560 Item
404 1516 498 1559 causa
516 1498 596 1558 Kate
621 1494 765 1556 mulieris
782 1508 892 1557 contra
917 1494 1110 1576 Gregorium
1135 1495 1176 1557 ad
1200 1508 1350 1559 octavum
1372 1497 1460 1559 diem

197 1604 235 1666 ad
262 1623 372 1687 pacem
398 1616 445 1664 est
468 1616 606 1685 recepta.

302 1711 381 1771 Item
414 1708 575 1770 Iohannes
603 1707 688 1771 filius
720 1708 832 1770 Jacobi
865 1721 979 1769 octavo
1004 1707 1055 1768 die
1087 1728 1144 1791 per
1172 1708 1375 1791 Mychaelem
1399 1708 1461 1771 Or·

196 1814 326 1898 tolflych
352 1829 383 1877 et
407 1814 598 1876 Michaelem
628 1813 730 1876 lilium
756 1813 934 1876 sebastiani
959 1812 1020 1875 hoc
1051 1815 1208 1893 atestabit,
1241 1814 1329 1896 quod
1354 1815 1460 1896 ipsum

197 1921 350 1983 Nicolaus
373 1921 590 2002 carpentarius
616 1920 836 2001 vituperasset.

302 2027 379 2087 Item
405 2027 489 2087 Iwan
509 2025 635 2106 juratus
659 2039 774 2088 octavo
798 2025 850 2087 die
871 2046 928 2108 per
944 2026 1146 2089 Anthonium
1163 2026 1326 2089 literatum
1351 2040 1383 2089 et
1399 2027 1462 2089 De·

197 2134 348 2195 metrium
381 2132 561 2194 carnificem
593 2131 654 2194 hoc
685 2133 841 2211 atestabit,
874 2133 962 2214 quod
994 2134 1099 2216 ipsum
1134 2133 1299 2195 Dionisius
1323 2146 1354 2195 et
1378 2134 1460 2195 Mar-

200 2239 286 2300 tinus
309 2239 525 2320 carpentarius
549 2239 789 2321 vituperassent.

301 2345 380 2406 Item
404 2365 497 2407 causa
523 2344 630 2405 Mathe
653 2344 841 2426 gladiatoris
858 2359 967 2406 contra
993 2345 1108 2428 Jaklyn
1133 2344 1173 2406 ad
1198 2357 1350 2408 octavum
1375 2345 1462 2408 diem

197 2451 236 2512 ad
262 2471 372 2533 pacem
398 2465 444 2512 est
468 2465 603 2533 recepta.

302 2556 378 2617 Item
405 2576 498 2618 causa
523 2556 627 2617 Iwane
652 2555 796 2617 mulieris
820 2568 930 2617 contra
954 2556 1119 2618 Thomam
1143 2569 1319 2638 pertentes
1344 2556 1384 2618 ad
1409 2577 1462 2620 oc-

196 2674 305 2723 tavum
331 2663 416 2723 diem
442 2662 481 2722 ad
506 2681 617 2744 pacem
642 2675 689 2724 est
713 2675 850 2744 recepta.

302 2767 379 2829 Item
404 2786 497 2828 causa
514 2767 648 2828 Fabiani
665 2766 781 2828 literati
806 2779 915 2828 contra
933 2765 1040 2827 Endre
1059 2765 1124 2849 Syb
1142 2766 1182 2828 ad
1207 2780 1358 2829 octavum
1375 2767 1462 2830 diem

199 2872 239 2933 ad
263 2892 375 2954 pacem
400 2885 446 2933 est
469 2887 606 2954 recepta.

304 2978 382 3040 Item
414 2997 507 3039 causa
539 2977 673 3061 Iursych
704 2991 813 3040 contra
845 2977 970 3040 Berend
1001 2977 1210 3039 Valentinum
1237 2977 1277 3039 ad
1312 2991 1462 3040 octavum

202 3082 287 3144 diem
312 3082 352 3143 ad
376 3103 487 3166 pacem
513 3097 559 3145 est
586 3097 722 3165 recepta.

305 3190 384 3251 Item
408 3189 591 3251 Anthonius
615 3203 646 3250 et
669 3189 780 3252 Filech
812 3203 921 3252 contra
946 3188 1124 3270 Georgium
1148 3189 1253 3271 primo
1287 3189 1373 3251 citati
1397 3208 1463 3250 non

176 3317 178 3320 ·
199 3307 457 3378 comparuerunt.

306 3400 384 3463 Item
409 3401 497 3463 Elias
520 3421 636 3484 parvus
664 3414 774 3463 contra
806 3401 913 3464 Endre
939 3401 1004 3484 Syb
1027 3414 1142 3463 octavo
1167 3400 1218 3463 die
1243 3400 1463 3483 respondebit.

304 3506 382 3568 Item
414 3526 506 3568 causa
532 3507 709 3590 Mychaelis
738 3520 849 3570 contra
880 3506 1036 3590 Zekyrich
1060 3506 1101 3568 ad
1132 3520 1283 3569 octavum
1309 3506 1396 3569 diem
1422 3507 1463 3568 ad

200 3632 311 3694 pacem
337 3627 383 3675 est
407 3626 542 3696 recepta.

304 3719 382 3781 Item
414 3720 517 3781 Lucas
548 3719 651 3781 dictus
684 3720 881 3783 Cratkaroka
917 3740 1018 3801 usque
1050 3719 1230 3802 quIndenas
1262 3739 1316 3781 sex
1341 3739 1464 3783 marcas

201 3823 406 3885 denariorum
431 3826 568 3887 Nicolao
592 3824 659 3887 filio
683 3825 808 3887 Nicolai
833 3826 958 3888 solvere
983 3825 1089 3889 debet.

304 3929 381 3991 Item
407 3931 496 4012 quod
520 3931 595 4013 quia
612 3930 746 4012 quidam
767 3930 861 4013 jurati
879 3931 1028 3993 viderunt
1053 3946 1086 3994 ut
1102 3932 1250 3994 Vrbanus
1273 3945 1305 3993 et
1331 3931 1464 3994 domina

201 4035 305 4096 Borka
340 4037 503 4117 quandam
538 4038 623 4099 vIatn
658 4037 822 4119 publicam
853 4038 1186 4119 perligonizaveruut,
1219 4037 1293 4100 ideo
1328 4037 1465 4119 quilibet

203 4159 314 4201 eorum
339 4141 371 4202 in
397 4142 506 4204 decem
532 4143 646 4204 marcis
669 4157 743 4204 sunt
767 4144 923 4220 convicti3
948 4144 1014 4225 ipse
1039 4157 1148 4205 autem
1172 4144 1321 4205 Vrbanus
1346 4141 1464 4205 dictam

201 4265 329 4307 causam
354 4248 394 4308 ad
419 4249 568 4329 antIquos
591 4248 712 4329 judices
736 4249 920 4331 appellavit.

305 4353 383 4413 Item
408 4351 570 4415 Iohannes
594 4353 680 4415 filius
704 4355 816 4417 Bozou
839 4368 870 4415 et
893 4354 978 4416 fillus
995 4354 1128 4416 Fabiani
1146 4354 1243 4416 ambo
1260 4354 1356 4415 slmul
1376 4354 1465 4416 citui·

200 4458 316 4519 terium
347 4459 479 4520 ecclesie
511 4473 617 4521 sancte
642 4460 842 4543 Margarethe
874 4480 976 4541 usque
1008 4458 1120 4521 feriam
1146 4460 1291 4541 quintam
1315 4460 1463 4541 proxime

204 4578 370 4626 venturam
396 4584 579 4626 consecrare
604 4566 675 4646 (sic)
700 4565 830 4628 debent.

307 4669 384 4731 Item
403 4670 491 4751 quod
512 4671 588 4752 quia
605 4671 753 4732 Vrbanus
777 4671 862 4733 lilius
879 4718 886 4733 .
905 4717 938 4733 ..
962 4670 1052 4753 (h)eri
1072 4672 1104 4732 in
1121 4670 1192 4732 foro
1209 4670 1465 4752 conprovinciali

201 4774 233 4835 in
258 4774 341 4837 Iacto
372 4776 633 4858 iuterempcionis
657 4776 811 4858 Stephani
845 4776 958 4839 Iamuli
991 4777 1128 4860 Myklini
1160 4776 1316 4858 legittIme
1340 4777 1465 4895 procla·
