3474 5234
641 271 727 328 Anno
751 279 838 345 1377.
864 303 905 312 -
929 284 958 329 1.
982 270 1152 344 septembris.

370 483 447 544 ltem
465 503 559 544 causa
584 482 734 562 Gregorii
767 494 798 543 et
821 481 905 542 Iwan
932 493 978 542 est
1000 500 1057 563 per
1089 480 1248 542 lanchech
1273 479 1472 543 aurifabrum
1498 496 1530 543 et

264 589 466 651 Anthonium
492 589 594 650 Reniz
618 590 658 651 ad
682 603 755 650 octo
780 588 848 649 dies
872 601 997 669 recepta
1021 586 1060 648 ad
1087 567 1209 668 pacem.

370 695 449 757 Item
473 696 629 757 Martinus
654 694 825 776 Zequirich
857 707 967 755 contra
991 694 1132 754 liranum
1164 693 1397 775 carpentarium
1423 695 1529 776 primo

264 804 376 864 citatus
400 822 466 864 non
491 803 682 885 comparuit.

369 909 448 970 Item
484 909 607 970 Mariua
641 908 755 968 mulier
791 920 900 968 contra
933 906 1112 968 lohannem
1145 905 1264 967 vozdar
1295 907 1401 990 primo
1436 907 1530 969 citata

264 1036 329 1077 non
355 1016 544 1097 comparuit.

371 1122 448 1182 ltem
473 1121 627 1183 Clemens
653 1133 743 1182 sutor
774 1132 883 1181 contra
909 1119 1102 1202 Dyonisium
1134 1117 1261 1179 fabrum
1286 1118 1391 1200 primo
1416 1119 1529 1182 citatus

265 1248 331 1289 non
355 1228 545 1309 comparuit.

370 1334 447 1394 Item
472 1354 564 1395 causa
583 1332 737 1395 lobannis
761 1347 792 1394 et
816 1332 901 1394 lwan
921 1332 996 1393 dicti
1022 1331 1160 1393 Plauech
1185 1351 1220 1393 ac
1245 1331 1378 1412 Georgii
1403 1345 1450 1393 est
1472 1352 1529 1414 per

265 1440 458 1523 Dyonisium
483 1453 514 1500 et
538 1440 712 1501 Martinum
736 1438 776 1500 ad
799 1453 873 1501 octo
897 1438 965 1499 dies
989 1452 1114 1520 recepta
1139 1438 1179 1499 ad
1204 1458 1327 1520 pacem.

371 1547 448 1607 Item
473 1546 613 1608 Bedicha
638 1544 778 1607 carnifex
802 1560 912 1607 contra
938 1544 1116 1626 Georgium
1141 1559 1295 1606 sartorem
1320 1544 1462 1606 secundo
1487 1544 1531 1606 ci-

266 1667 351 1715 tatus
385 1673 450 1715 non
475 1653 664 1735 comparuit.

372 1760 449 1822 ltem
485 1779 578 1821 causa
611 1758 787 1842 Mycbaelis
818 1758 977 1842 Damyani
1009 1772 1039 1819 et
1069 1757 1193 1819 domini
1224 1757 1363 1840 Philippi
1394 1769 1440 1819 est
1472 1778 1529 1840 per

266 1867 434 1928 Mareotim
458 1866 498 1926 ad
523 1880 596 1928 octo
620 1865 688 1926 dies
712 1878 837 1946 recepta
861 1865 901 1926 ad
926 1885 1048 1946 pacem.

372 1972 450 2033 ltem
476 1971 637 2033 lohannes
660 1972 745 2032 filius
766 1971 920 2032 Hermani
946 1985 1055 2034 contra
1080 1971 1258 2053 Georgium
1273 1991 1430 2053 generum
1449 1971 1529 2034 Ger·

265 2079 340 2140 dine
365 2078 470 2160 primo
503 2078 615 2138 citatus
639 2097 703 2138 non
729 2078 918 2159 comparuit.

373 2184 451 2245 ltem
477 2182 652 2264 Gregorius
676 2196 785 2244 contra
804 2183 1028 2245 Sebastianum
1053 2183 1185 2264 vigilem
1208 2184 1313 2265 primo
1331 2184 1446 2245 citatus
1464 2203 1530 2246 non

265 2289 455 2372 comparuit.

372 2396 450 2457 Item
480 2395 630 2456 Miclinus
662 2409 770 2456 contra
807 2393 998 2478 Mosnarych
1037 2408 1152 2457 octavo
1184 2395 1236 2456 die
1267 2416 1324 2478 per
1359 2395 1529 2458 Chernech

265 2521 399 2585 parvum
434 2516 464 2563 et
496 2521 629 2563 uxorem
664 2501 812 2582 Gregorii
848 2502 995 2563 atestabit
1026 2521 1121 2584 super
1152 2521 1202 2580 e0‚
1227 2503 1315 2583 quod
1348 2503 1415 2584 ipse
1439 2522 1530 2564 suam

265 2630 398 2672 uxorem
422 2609 527 2670 verbis
551 2609 697 2690 turpibus
721 2607 892 2684 affecisset;
917 2621 949 2669 et
972 2608 1039 2688 jura
1072 2607 1208 2669 literalia
1233 2608 1382 2670 exhibere
1408 2609 1528 2670 debent

266 2736 361 2799 super
383 2716 476 2777 vinea
505 2715 704 2777 eorumdem.

372 2823 450 2884 Item
475 2821 551 2883 Iuan
576 2835 607 2882 et
630 2821 783 2883 Nicolaus
807 2820 995 2902 carpentarii
1021 2833 1130 2881 contra
1156 2821 1323 2882 Marenum
1347 2822 1452 2903 primo
1487 2822 1530 2883 ci-

264 2930 320 2992 tati
353 2949 418 2990 non
443 2941 702 3011 comparuerunt.

371 3036 449 3097 Item
474 3036 589 3118 Vydko
619 3047 727 3095 contra
760 3034 901 3115 Hergam
934 3047 1049 3095 octavo
1073 3034 1126 3095 die
1157 3054 1213 3116 per
1238 3033 1418 3097 lohannem
1444 3035 1528 3099 Che·

264 3142 355 3204 merli
380 3155 410 3203 et
443 3142 572 3203 Petrum
597 3141 719 3201 Prunar
743 3140 890 3201 atestabit
920 3159 1016 3222 super
1052 3160 1102 3219 eo,
1134 3140 1222 3222 quod
1254 3141 1359 3224 ipsum
1384 3156 1414 3203 et
1438 3162 1529 3204 suam

267 3266 400 3309 uxorem
423 3247 558 3328 turpiter
583 3246 807 3308 verberaverit.

372 3352 450 3415 ltem
475 3352 622 3414 Nedellto
647 3364 756 3414 contra
781 3351 923 3412 lwanum
952 3364 1065 3413 octavo
1091 3352 1142 3413 die
1167 3373 1199 3414 se
1223 3367 1329 3415 sextus
1353 3353 1471 3436 jurabit
1495 3356 1528 3418 in

268 3478 317 3536 eo,
343 3458 431 3539 quod
455 3459 515 3520 sibi
539 3459 628 3519 nulla
653 3457 792 3538 dampna
817 3476 874 3517 nec
900 3454 1020 3519 furtum
1044 3473 1265 3540 perpetrasset.

370 3564 447 3626 ltem
472 3565 543 3625 Elia
568 3577 676 3626 contra
702 3564 776 3623 Moz
800 3563 898 3625 tercio
923 3564 1036 3625 citatus
1061 3584 1124 3625 non
1157 3569 1346 3648 comparuit.

371 3671 448 3732 ltem
474 3669 636 3732 lohannes
660 3669 692 3731 in
717 3669 889 3751 quindenis
918 3669 1086 3732 Salomoni
1119 3671 1197 3732 duas
1229 3693 1351 3735 marcas
1374 3687 1405 3736 et
1429 3674 1527 3757 judici

265 3797 363 3838 unam
388 3777 540 3840 exsolvet.

370 3883 448 3944 Item
474 3883 560 3945 idem
585 3883 740 3944 Salomon
772 3881 877 3944 eidem
902 3883 1040 3945 Johanni
1076 3903 1172 3946 unam
1199 3905 1338 3947 marcam
1371 3901 1401 3949 et
1431 3887 1529 3969 judici

265 3989 405 4051 mediam
430 3991 594 4053 exsolvere
618 3990 724 4052 debet.

292 4206 389 4283 Feria
418 4213 524 4282 tercia
551 4214 707 4299 proxima
744 4220 822 4283 ante
850 4211 973 4284 festum
1000 4215 1090 4286 beati
1118 4215 1260 4288 Emerici
1289 4218 1382 4289 ducis
1412 4221 1504 4308 regni

808 4335 988 4425 Hungarie.

774 4486 818 4568 (1.
842 4490 1036 4573 septembris).

369 4629 478 4691 Primo
497 4630 578 4713 Elya
603 4629 740 4692 condam
757 4651 853 4713 preco
878 4646 986 4694 contra
1003 4632 1192 4712 magistrum
1216 4634 1386 4697 Nicolaum
1403 4635 1526 4698 fisicum

263 4734 368 4816 primo
393 4734 507 4796 citatus
531 4755 596 4797 non
622 4736 809 4819 comparuit.
