3472 5234
572 320 773 395 Ann01390.
798 352 838 362 —
863 333 910 395 14.
927 320 1080 395 januarii.
1391 342 1450 402 3¹5

296 528 375 590 Item
400 529 589 592 Valentinus
613 527 697 590 filius
721 528 883 590 Malenich
898 548 1007 591 coram
1033 530 1127 590 nobis
1144 530 1355 612 personaliter
1378 550 1454 592 con-

189 634 319 696 stitutus
342 654 398 696 sua
423 648 454 696 et
484 635 632 696 omnium
664 632 796 696 fratrum
829 654 884 695 seu
909 648 1119 716 cognatorum
1150 654 1283 697 suorum
1309 637 1453 718 personis

190 752 236 803 est
260 739 434 821 consessus,
451 740 539 823 quod
564 740 639 822 quia
656 738 837 802 iohannem
854 739 957 803 filium
974 741 1086 802 Bozou
1103 753 1133 803 et
1150 741 1346 804 Hanslinum
1363 741 1451 804 Teu-

190 847 334 908 tonicum
359 867 453 929 super
477 846 560 908 facto
578 846 840 928 interempcionis
863 846 1019 908 Anthonii
1040 845 1143 909 fratris
1158 847 1207 909 sui
1224 846 1453 929 inculpabunt3

191 964 222 1013 et
245 953 320 1034 quia
345 953 476 1035 predicti
502 951 664 1014 lohannes
687 965 718 1014 et
742 952 919 1013 Hanslinus
942 951 974 1013 in
999 952 1083 1014 dicta
1111 953 1365 1036 interempcione
1389 954 1449 1036 ipsi

190 1059 363 1121 Valentino
395 1058 572 1141 culpabiles
604 1077 668 1120 non
701 1058 950 1140 reperiebantur,
983 1058 1057 1121 ideo
1089 1058 1230 1142 prelatus
1262 1060 1453 1122 Valentinus

191 1165 294 1226 dictos
318 1165 497 1227 iohannem
524 1178 554 1227 et
579 1164 773 1226 Hansliuum
789 1184 846 1226 sua
871 1176 902 1226 et
925 1165 1085 1227 dictorum
1101 1166 1247 1248 personis
1271 1185 1327 1248 per
1345 1167 1454 1228 omnia

193 1271 334 1332 reddidit
357 1271 532 1354 expeditos,
555 1289 666 1353 ymmo
689 1270 830 1332 reddidit
853 1270 951 1332 nostri
978 1271 1009 1331 in
1034 1272 1207 1352 presencia.

296 1377 375 1441 ltem
400 1425 482 1441 ....
508 1391 617 1441 contra
641 1380 770 1439 Annam
794 1377 898 1459 primo
922 1377 1035 1439 citatus
1059 1397 1124 1439 non
1148 1379 1338 1461 comparuit.

295 1483 375 1547 ltem
400 1483 576 1566 Gregorius
600 1484 711 1547 Benko
735 1497 888 1566 tanquam
905 1497 993 1546 actor
1016 1497 1126 1546 contra
1151 1484 1265 1548 Paulas
1288 1485 1394 1568 primo
1411 1485 1454 1546 ci·

193 1603 277 1653 tatus
301 1609 367 1654 non
390 1590 579 1672 comparuit.
1487 1675 1490 1680 ι

297 1696 374 1758 ltem
393 1695 568 1778 Gregorius
592 1694 746 1777 voyschar
770 1708 800 1757 et
830 1695 957 1757 Blasich
989 1709 1103 1759 octavo
1134 1696 1186 1757 die
1211 1709 1320 1758 contra
1346 1744 1353 1759 .
1379 1742 1387 1758 .
1413 1745 1420 1760 .
1445 1741 1452 1757 .

190 1821 287 1885 super
312 1802 467 1883 quasdam
491 1800 599 1883 fruges
622 1801 725 1882 jurare
753 1801 880 1864 debent.

296 1907 375 1969 ltem
410 1911 504 1969 Anna
539 1907 700 1990 penestica
739 1921 850 1970 contra
883 1907 1076 1991 Gregorium
1115 1909 1220 1992 primo
1253 1908 1373 1990 judicio
1408 1927 1455 1970 re·

191 2013 374 2095 spondebit.

263 2248 358 2323 Faria
387 2255 494 2323 tercia
524 2254 679 2340 proxima
708 2261 784 2341 post
812 2252 934 2325 festum
963 2253 1223 2344 Epiphaniarnm
1252 2253 1385 2324 domini.

582 2404 684 2487 (Anno
708 2422 799 2485 1390,
825 2422 872 2470 11.
888 2407 1056 2489 junuarii).

299 2565 379 2627 ltem
403 2585 497 2628 causa
522 2565 604 2626 Petri
623 2578 731 2626 contra
749 2564 857 2627 Cusan
885 2586 987 2648 usque
1011 2565 1124 2628 feriam
1147 2578 1267 2627 sextam
1285 2563 1323 2624 ad
1343 2583 1453 2646 pacem

193 2685 241 2735 est
266 2686 403 2754 recepta.

301 2779 377 2839 ltem
483 2791 593 2838 contra
617 2780 745 2838 Annam
768 2775 960 2838 secundario
991 2776 1104 2837 citatus
1128 2796 1194 2837 non
1219 2776 1411 2858 comparuit.

299 2883 375 2944 ltem
409 2883 555 2945 Thomas
578 2896 688 2944 contra
712 2881 847 2944 Paulum
872 2882 977 2964 primo
999 2882 1112 2944 citatus
1133 2902 1198 2943 non
1221 2881 1411 2964 comparuit.

300 2989 376 3049 ltem
388 3008 480 3050 causa
494 2987 622 3070 Mathey
636 2988 747 3050 decani
765 3000 874 3049 contra
892 2986 1071 3050 lohannem
1088 3007 1189 3069 usque
1207 2987 1319 3049 feriam
1336 2999 1457 3049 sextam

194 3109 240 3156 est
263 3108 443 3176 prorogata.

299 3201 377 3262 ltem
414 3202 524 3262 Petrus
557 3201 647 3282 niger
681 3220 783 3281 usque
816 3200 996 3282 quindenas
1028 3200 1143 3261 Paulas
1173 3199 1259 3261 xllll
1292 3199 1361 3262 flor.
1393 3198 1458 3261 sol·

194 3327 267 3368 vere
293 3307 399 3370 debet.

300 3412 377 3475 ltem
396 3413 462 3474 Mik
479 3411 556 3475 feria
580 3426 667 3475 sexta
684 3425 773 3474 sexto
796 3431 947 3494 supereo
963 3410 1090 3493 jurabit,
1109 3411 1197 3493 quod
1214 3412 1282 3495 ipse
1299 3408 1456 3493 quasdam

194 3540 244 3581 res
267 3521 361 3582 Petro
386 3540 450 3582 non
474 3519 688 3583 subtraxisset.

302 3626 380 3688 ltem
413 3626 498 3688 idem
523 3626 590 3687 Mik
614 3638 723 3687 contra
744 3625 883 3687 eundem
907 3625 1022 3687 eodem
1047 3625 1098 3686 die
1115 3644 1211 3707 super
1235 3644 1274 3687 eo
1298 3624 1386 3686 solus
1410 3623 1458 3705 ju·

195 3733 287 3812 rabit,
311 3747 345 3794 ut
370 3734 436 3816 ipse
461 3752 593 3794 uxorem
619 3732 718 3815 ipsius
743 3731 825 3793 Petri
853 3751 918 3793 non
942 3732 1148 3795 verberasset.

303 3838 379 3900 ltem
406 3838 489 3900 idem
516 3851 625 3900 contra
649 3837 788 3899 eundem
814 3857 965 3919 supereo
988 3837 1116 3918 jurabit,
1140 3837 1228 3919 quod
1253 3839 1320 3919 ipse
1344 3837 1384 3898 ad
1410 3837 1459 3898 in·

196 3942 416 4005 terficiendum
441 3945 555 4026 ipsum,
582 3942 711 4006 fratrem
732 3962 826 4004 suum
850 3962 914 4004 non
941 3943 1086 4006 misisset.

196 4159 293 4234 laria
321 4171 418 4234 sexta
448 4165 600 4252 proxima
628 4171 705 4253 post
733 4171 874 4235 octavas
902 4163 980 4235 festi
1010 4161 1271 4251 Epiphaniarnm
1309 4163 1444 4234 domini.

707 4313 772 4395 (14.
789 4313 958 4397 januaris).

303 4473 380 4535 ltem
406 4472 587 4554 Stephanus
611 4486 720 4535 contra
746 4473 832 4555 Span
856 4472 962 4556 primo
986 4472 1099 4534 citatus
1123 4490 1188 4533 non
1213 4472 1403 4553 comparuit.

303 4579 380 4640 ltem
416 4578 542 4640 Blasich
577 4592 608 4640 et
640 4578 817 4660 Gregorius
852 4591 961 4640 contra
997 4577 1149 4659 Magdich
1180 4590 1294 4638 octavo
1325 4576 1377 4639 die
1412 4594 1460 4638 re·
1518 4660 1521 4667 .

197 4685 413 4768 spondebunt.
1535 4671 1541 4682 ⁹

303 4791 381 4856 ltem
399 4789 545 4854 Thomas
561 4802 672 4872 contra
696 4789 833 4854 Paulum
850 4790 1041 4855 secundario
1058 4790 1171 4856 citurus
1187 4809 1253 4856 aon
1271 4788 1461 4877 compamit.
