3472 5234
626 353 826 433 Ann01389.
854 391 898 400 -
916 371 951 433 3.
975 357 1147 431 septembris.
1462 378 1523 440 307

360 569 440 632 Item
473 588 568 630 causa
598 567 722 650 Ciphus
753 581 864 630 contra
896 567 1125 630 Stachunarich
1157 589 1260 652 usque
1284 584 1358 633 octo
1385 570 1454 632 dies
1481 570 1524 632 ad

255 697 367 759 pacem
393 688 441 738 est
463 689 599 758 recepta.

362 782 440 845 Item
464 802 560 844 causa
580 782 746 844 Benedicti
764 795 875 843 contra
892 782 1085 863 Agustinum
1102 782 1302 845 sacerdotem
1326 802 1428 865 usque
1445 796 1519 845 octo

255 888 326 950 dies
350 888 390 949 ed
413 907 526 971 pacem
551 901 598 950 est
621 902 757 971 recepta.

359 994 438 1057 Item
471 1013 564 1057 causa
589 994 720 1056 domine
746 995 870 1076 Regine
894 1009 1004 1057 contra
1032 996 1203 1058 Nicolaum
1228 1015 1329 1078 usque
1354 1008 1428 1058 octo
1452 996 1521 1057 dies

256 1102 297 1164 ad
321 1120 433 1184 pacem
458 1114 506 1163 est
528 1114 666 1183 recepta.

241 1208 245 1215 “
363 1208 442 1270 Item
476 1206 660 1269 Anthonius
692 1207 795 1269 Lucar
827 1221 937 1270 contra
959 1208 1156 1289 Agustinum
1187 1208 1383 1270 sacerdotem
1409 1227 1521 1270 secun-

257 1314 348 1376 dario
372 1314 486 1376 citatus
510 1332 577 1375 nou
600 1313 789 1396 comparuit.

362 1420 441 1484 Item
460 1419 623 1481 Iohannes
646 1419 754 1498 Liber,
771 1418 908 1481 Michael
926 1420 1142 1502 Dampmiani,
1160 1420 1243 1481 Iwan
1269 1419 1309 1482 ad
1341 1420 1519 1482 secundum

256 1526 412 1608 judicium
436 1526 523 1588 citati
547 1545 611 1587 non
637 1539 896 1608 comparuerunt.

362 1634 439 1696 Item
457 1633 543 1694 Luca
557 1631 697 1695 carnifex
707 1646 817 1694 contra
831 1632 989 1694 Praudich
1001 1633 1106 1716 primo
1119 1634 1233 1696 citatus
1247 1652 1311 1694 non
1326 1633 1516 1715 comparuit.

363 1740 441 1802 Item
465 1739 618 1801 Nicolaus
642 1738 795 1821 Baboyeb
827 1752 942 1800 octavo
966 1739 1017 1800 die
1049 1739 1192 1801 secundo
1216 1759 1248 1801 se
1280 1759 1376 1822 super
1408 1758 1447 1801 eo
1472 1739 1519 1820 ju-

255 1846 347 1925 rabit,
371 1846 460 1928 quod
485 1845 589 1927 ipsum
614 1845 732 1906 Paulus
756 1844 865 1927 Kypar
889 1844 1095 1909 vulnerasset.

359 1953 438 2015 Item
470 1951 654 2014 Anthonius
685 1951 809 2013 Jursich
841 1971 979 2013 unacum
1013 1952 1177 2034 Stephano
1209 1971 1312 2034 usque
1343 1965 1417 2014 octo
1451 1952 1520 2014 dies

253 2060 414 2121 racionem
436 2077 556 2142 ponere
581 2058 700 2120 debent
723 2071 880 2140 quantum
897 2058 983 2120 idem
1008 2058 1189 2140 Stephanus
1212 2058 1272 2119 sibi
1296 2070 1468 2120 teneretur.

358 2165 436 2228 Item
469 2185 562 2227 causa
588 2164 721 2247 Georgii
745 2165 863 2226 sutoris
886 2179 995 2226 contra
1021 2165 1118 2227 Loter
1148 2184 1249 2247 usque
1274 2179 1348 2227 octo
1372 2165 1441 2226 dies
1464 2179 1511 2227 est

253 2286 435 2356 prorogata.

359 2379 437 2441 Item
463 2377 582 2440 Paulus
606 2378 716 2460 Kypar
747 2390 861 2439 octavo
885 2377 937 2439 die
968 2377 1111 2440 secundo
1141 2398 1173 2439 se
1204 2397 1362 2460 supereo
1387 2377 1515 2458 jurabit,

252 2485 340 2565 quod
365 2485 432 2567 ipse
458 2483 688 2546 Stachunarich
713 2484 881 2545 consocius
905 2481 1061 2545 nonfuit.

358 2591 435 2652 Item
460 2589 646 2652 Iwanchech
671 2603 785 2651 octavo
810 2589 862 2650 die
886 2589 974 2650 solus
998 2609 1093 2671 super
1117 2608 1156 2650 eo
1181 2589 1307 2670 jurabit,
1332 2590 1421 2671 quod
1447 2590 1513 2673 ipse

253 2695 421 2759 fideiussor
444 2697 584 2758 consorti
610 2697 708 2758 Marci
735 2696 765 2756 in
790 2709 911 2778 septem
932 2714 1004 2757 cum
1029 2695 1163 2756 dImidia
1187 2715 1285 2778 pensa
1310 2715 1375 2757 non
1400 2695 1470 2760 fuit.

359 2803 436 2864 Item
461 2816 575 2864 octavo
599 2802 652 2863 die
675 2821 806 2864 consors
829 2800 962 2883 predicti
989 2801 1087 2863 Marci
1112 2800 1179 2862 sola
1203 2820 1297 2883 super
1322 2820 1360 2863 eo
1385 2800 1515 2882 jurabit,

250 2908 338 2991 quod
364 2907 505 2991 prefatus
521 2907 707 2971 Iwanchech
724 2908 784 2969 sibi
801 2920 921 2968 sextam
943 2906 1111 2968 dimidiam
1129 2926 1260 2989 pensam
1279 2907 1405 2968 debitor
1422 2906 1514 2971 loret.

275 3142 372 3217 Ferla
400 3153 499 3218 sexta
527 3146 682 3234 proxima
711 3153 790 3217 ante
825 3144 948 3216 festum
977 3143 1175 3216 Nativitath
1204 3144 1302 3216 beate
1330 3146 1485 3233 virginis.

748 3297 792 3373 (3.
822 3296 1008 3371 septembris).

355 3436 433 3502 Item
465 3437 625 3520 Georgius
658 3438 753 3499 Loter
780 3449 891 3498 contra
921 3436 1093 3498 Nicolaum
1124 3437 1285 3499 literatum
1318 3450 1433 3499 octavo
1460 3435 1513 3497 die

251 3545 466 3629 respondebit.

352 3651 431 3714 Item
458 3650 616 3712 Heancus
642 3661 751 3711 contra
775 3648 946 3709 Nicolaum
969 3649 1074 3730 prImo
1098 3649 1212 3711 citatus
1229 3668 1293 3711 non
1320 3649 1511 3731 comparuit.

352 3758 430 3821 Item
449 3757 596 3818 Thomas
608 3756 752 3818 literatus
764 3767 874 3816 contra
890 3753 1032 3816 relictam
1051 3755 1197 3837 Mathyas
1214 3767 1328 3816 octavo
1345 3754 1397 3815 die
1414 3767 1512 3816 testes

248 3865 424 3947 producere
441 3863 547 3940 debet,
564 3861 729 3923 videlicet:
751 3860 925 3922 MartInum
941 3860 1139 3922 sacerdotem
1158 3874 1189 3922 et
1213 3859 1392 3922 Iohannem
1407 3860 1513 3921 Liber.

354 3970 432 4031 Item
456 3967 610 4030 Nicolaus
626 3986 727 4049 usque
752 3965 932 4048 qulndenas
948 3967 1088 4027 consorti
1113 3966 1237 4028 domiui
1264 3967 1349 4027 Luce
1373 3965 1415 4026 XI
1440 3965 1512 4027 flor.

250 4076 318 4139 auri
343 4076 468 4138 solvere
492 4074 598 4138 debet.
890 4140 892 4144 Α

353 4181 431 4242 Item
454 4180 608 4242 NIcolaus
632 4178 759 4262 Kyuich
793 4191 903 4239 contra
929 4178 1134 4260 Dragonyam
1162 4177 1267 4260 primo
1301 4176 1414 4238 citatus
1446 4196 1511 4238 non

247 4286 440 4369 eomparuit.

354 4392 433 4454 Item
459 4391 598 4453 Korlach
623 4406 732 4453 contra
757 4392 886 4461 Petrum
914 4389 1019 4473 primo
1044 4388 1157 4450 citatus
1181 4406 1246 4448 non
1271 4387 1460 4469 comparuit.

353 4497 431 4559 Item
456 4496 640 4558 Anthonius
669 4516 803 4580 arcupar
834 4516 935 4579 usque
960 4494 1139 4577 qulndenas
1169 4492 1329 4573 Agustino
1352 4492 1511 4554 sacerdoti

246 4617 385 4686 quatuor
409 4622 532 4666 marcas
554 4603 679 4666 solvere
704 4603 810 4667 debet.

352 4709 429 4771 Item
446 4707 609 4771 lohannes
625 4708 722 4771 Liber
737 4722 768 4772 et
786 4707 922 4770 Michael
936 4706 1140 4790 Dampmiani
1159 4706 1300 4768 Iwanum
1318 4705 1357 4768 ad
1375 4703 1510 4767 tercium

245 4816 402 4899 judIcium
425 4837 482 4880 seu
506 4816 681 4879 terminum
705 4828 815 4880 contra
833 4814 1028 4896 Gregorium
1052 4811 1208 4896 voyschar
1232 4830 1297 4873 non
1321 4818 1512 4872 statuerunt.

1388 4902 1405 4936 3
