3472 5234
242 289 287 379 64
599 302 685 360 Anno
707 299 797 380 1376.
821 337 864 346 —
887 301 937 363 [ό.
960 305 1131 369 septembris

266 517 362 590 Feria
392 524 499 592 tercia
527 525 681 610 proxima
709 532 786 611 post
809 522 931 593 festum
951 522 1180 594 Exaltacionis
1209 532 1324 595 sancte
1353 525 1474 596 crucis.

726 669 792 752 (16.
815 673 1004 755 septembris).

343 810 452 872 Primo
471 810 633 873 lohannes
657 811 797 874 decanus
813 825 923 874 contra
948 811 1142 895 Gregorium
1159 812 1351 876 familiarem
1375 813 1501 876 domini

238 917 362 979 Nicolai
384 917 615 1001 *archidiaconi
647 918 778 980 ecclesie
814 919 1030 999 zagrabiensis
1061 933 1092 981 et
1123 919 1302 982 iohannem
1338 920 1500 982 literatum

237 1022 428 1085 familiarem
442 1023 566 1086 domini
584 1024 713 1086 Martini
731 1024 945 1106 decimatoris,
958 1026 1062 1108 primo
1086 1027 1198 1088 citatus
1217 1047 1283 1088 non
1300 1025 1500 1109 comparuit;

236 1130 434 1210 quequidem
459 1129 599 1212 predicte
616 1145 721 1212 partes
744 1131 909 1193 accionem
925 1151 1015 1193 suam
1032 1133 1130 1194 altera
1155 1133 1245 1194 alteri
1269 1133 1500 1193 commiserunt

238 1235 486 1316 exsequendam.

342 1341 419 1402 ltem
453 1341 589 1402 Mathias
619 1340 703 1403 filius
735 1340 903 1404 Chernech
936 1342 1105 1407 fideiubuit
1136 1364 1194 1426 pro
1219 1344 1358 1406 Martino
1389 1354 1500 1405 contra

237 1448 307 1508 Kus
331 1448 370 1509 de
396 1446 545 1509 Grachan
569 1446 671 1509 filium
697 1449 818 1509 Mareni
852 1448 891 1509 de
915 1449 1054 1531 quadam
1079 1451 1172 1512 vinea
1197 1469 1297 1531 usque
1322 1450 1390 1511 dies
1414 1461 1497 1511 octo.

343 1554 422 1616 Item
446 1555 532 1616 lwan
556 1567 588 1615 et
604 1553 780 1635 Gregorius
803 1568 912 1616 contra
929 1555 1101 1616 Nicolaum
1124 1553 1230 1618 tulum
1255 1555 1360 1636 primo
1377 1553 1498 1635 judicio

235 1673 308 1743 post
331 1659 529 1722 vindemiam
553 1659 805 1741 respondebunt.

342 1766 421 1828 ltem
447 1765 639 1827 Benedictus
655 1764 739 1826 filius
756 1767 883 1828 Lucasii
908 1766 947 1828 de
972 1765 1061 1828 Odra
1078 1765 1217 1827 iohanni
1233 1766 1335 1827 Vasos
1352 1766 1385 1826 in
1403 1765 1497 1847 quin·

236 1871 327 1933 denis
351 1873 496 1953 quinque
513 1892 627 1954 pensas
651 1884 682 1932 et
702 1871 774 1933 XVI
792 1872 940 1933 denarios
963 1891 1022 1954 pro
1039 1871 1183 1953 quodam
1199 1871 1326 1933 lustano
1344 1871 1497 1932 exsolvet.

342 1977 420 2040 ltem
445 1977 597 2038 Nicolaus
614 1977 731 2038 Mahne
749 1991 859 2039 contra
875 1977 983 2039 Mathe
1000 1977 1242 2059 stipendiarium
1260 1977 1364 2058 primo
1377 1976 1497 2058 judicio

234 2096 306 2165 post
330 2082 529 2144 vindemiam
553 2082 770 2164 respondebit.

340 2189 418 2250 ltcm
443 2189 575 2249 domina
594 2189 716 2269 Regina
742 2189 850 2250 relicta
867 2189 995 2250 Andree
1013 2201 1122 2250 contra
1140 2187 1317 2269 Georgium
1342 2200 1495 2251 sartorem

235 2309 265 2355 et
290 2293 483 2376 Gregorium
515 2295 621 2376 primo
653 2293 774 2374 judicio
798 2307 877 2376 ‚post
907 2293 1104 2355 vindemiam
1139 2292 1179 2353 ad
1211 2306 1360 2354 contenta
1393 2293 1495 2354 libelli

234 2400 378 2482 ipsorum
402 2400 618 2482 respondebit.

340 2507 419 2568 ltem
444 2525 537 2567 causa
562 2505 652 2566 Pauli
685 2506 800 2566 sutoris
824 2518 855 2566 et
884 2505 933 2566 sui
965 2504 1152 2565 mercenarii
1179 2502 1332 2584 Stephani
1363 2516 1410 2564 est
1440 2522 1497 2586 per

234 2625 330 2673 testes
354 2611 394 2672 ad
419 2612 559 2694 primum
592 2611 748 2691 judicium
780 2624 905 2692 recepta
936 2612 976 2672 ad
1000 2631 1123 2694 pacem,
1155 2630 1213 2691 pro
1238 2630 1304 2692 quo
1327 2609 1496 2672 fideiussor

234 2718 336 2778 extitit
360 2717 494 2798 Egidius
516 2728 605 2778 sutor
629 2731 736 2778 noster
760 2717 900 2778 concivis
916 2717 1021 2798 ipsum
1045 2716 1165 2796 judicio
1190 2717 1451 2797 presentandum.

340 2823 418 2884 ltem
450 2825 562 2885 Marko
590 2820 674 2884 filius
706 2822 838 2885 Gordalx
870 2836 979 2883 contra
1004 2822 1211 2883 Valentinum
1241 2834 1354 2882 octavo
1379 2821 1430 2882 die
1462 2841 1495 2883 se
1604 2827 1608 2834 ’

233 2929 349 2990 tercius
374 2929 492 3009 jurabit
515 2929 547 2989 in
574 2948 623 3006 eo,
648 2927 736 3008 quod
761 2929 827 3009 ipse
852 2942 915 2989 tres
947 2946 1060 3009 pensas
1092 2927 1297 2988 denariorum
1321 2946 1386 2988 non
1411 2925 1495 2989 lura·

234 3035 314 3095 verit
337 3037 376 3095 ab
402 3034 529 3095 eodem.

339 3141 416 3201 ltcm
439 3138 621 3220 Stephanya
653 3151 762 3198 contra
796 3137 966 3198 Nicolaum
999 3136 1233 3216 carpentarium
1265 3137 1369 3218 primo
1401 3137 1494 3199 citata

234 3264 298 3306 non
321 3244 510 3326 comparuit.

338 3351 416 3412 ltem
451 3349 579 3411 Smalch
611 3361 719 3410 contra
756 3347 974 3408 Lehcumuald
1002 3346 1106 3429 primo
1138 3346 1257 3425 judicio
1293 3361 1365 3429 post
1399 3368 1494 3410 suum

234 3456 406 3517 adventum
431 3475 464 3515 se
488 3455 603 3515 tercius
627 3453 743 3533 jurabit
766 3472 824 3534 pro
855 3451 997 3532 quodam
1030 3451 1149 3529 debito,
1175 3466 1204 3512 et
1237 3472 1331 3533 super
1356 3473 1422 3534 quo
1446 3454 1495 3535 ju·

233 3561 315 3621 rabit
338 3560 499 3642 predictus
524 3559 774 3634 Lechcumuald‚
798 3557 858 3617 sibi
884 3556 1034 3617 exsolvet.

338 3667 417 3727 ltem
442 3664 621 3747 Stephanus
645 3665 748 3746 primo
772 3663 892 3743 judicio
916 3682 1009 3723 suum
1034 3661 1136 3723 lilium
1164 3663 1284 3743 judicio
1309 3680 1493 3745 presentare

233 3773 339 3850 debet,
363 3791 421 3853 pro
445 3790 510 3851 quo
537 3768 715 3851 Stephanus
739 3770 832 3830 Kone
856 3781 959 3829 textor
982 3768 1082 3828 extitit
1106 3766 1282 3832 fideiussor.

339 3878 418 3937 ltem
441 3895 534 3936 causa
567 3875 643 3936 Sara
677 3888 708 3937 et
738 3874 912 3935 Alexandri
944 3888 989 3935 est
1017 3873 1057 3934 de
1089 3873 1231 3954 parcium
1264 3875 1428 3940 voluntate
1454 3881 1494 3941 ad

234 3984 373 4066 primum
398 3980 551 4062 judicium
586 3993 658 4061 post
689 3979 885 4040 vindemiam
917 3992 1098 4060 prorogata,
1122 3979 1147 4039 si
1179 3993 1285 4041 tamen
1310 3982 1494 4046 Alexander

234 4089 323 4150 domi
350 4086 455 4163 luerit,
479 4085 624 4166 alioquin
649 4085 781 4146 ulterius
805 4085 970 4165 prorogari
995 4084 1157 4146 debeatur.

340 4193 418 4254 ltem
435 4191 565 4252 Lachlxo
590 4190 726 4272 lapicida
744 4203 853 4251 contra
870 4190 1042 4271 parlerium
1060 4201 1147 4251 actor
1162 4190 1298 4251 existens
1322 4211 1387 4253 non
1405 4213 1493 4257 com·

233 4299 339 4380 paruit
362 4316 466 4377 neque
491 4296 586 4358 misit.

339 4404 418 4464 ltem
444 4402 596 4463 dominus
619 4401 730 4463 Petrus
755 4402 844 4462 Prior
868 4413 978 4461 contra
1010 4398 1209 4461 Anthonium
1235 4401 1381 4484 Zitarych
1405 4419 1494 4468 actor

235 4509 372 4571 existens
395 4527 460 4568 non
485 4507 673 4590 comparuit.

339 4613 417 4674 Item
440 4632 533 4673 causa
557 4612 679 4674 Miclini
703 4611 867 4673 assessoris
890 4622 921 4671 et
944 4610 1021 4671 luan
1046 4611 1192 4691 preconis
1216 4612 1325 4673 estad
1349 4614 1491 4696 primum

235 4716 390 4779 *adiciam
414 4730 485 4799 post
508 4716 703 4778 vindemiam
727 4719 785 4779 sub
810 4715 913 4778 forma
937 4714 1041 4777 fiende
1065 4715 1151 4797 pacis
1175 4715 1367 4798 prorogata.
