3472 5234
247 328 287 410 78

350 539 427 601 Item
455 539 557 600 Zinko
574 552 689 602 octavo
714 538 766 599 die
782 558 814 599 se
838 538 997 600 secundus
1018 539 1135 620 jurabit
1159 539 1191 601 in
1216 558 1267 619 eo,
1291 540 1379 623 quod
1404 539 1509 624 ipsum

246 644 409 707 Iohannes
431 642 517 707 filius
541 644 625 706 Petri
649 644 875 708 vulneraverit.

350 751 430 812 Item
455 750 542 812 idem
567 749 729 812 Iohannes
752 770 785 811 se
809 763 915 811 sextus
941 749 1059 832 jurabit
1081 750 1113 811 in
1138 769 1189 829 eo,
1213 750 1302 832 quod
1327 751 1393 833 ipse
1418 771 1510 814 suam

244 857 414 940 pecuniam
440 876 505 918 non
529 855 684 938 receperit
705 875 768 918 nec
790 856 896 937 ipsum
919 855 1133 918 derobaverit.

351 963 430 1025 Item
455 963 534 1025 alter
558 962 657 1024 homo
681 961 799 1043 jurabit
822 982 855 1023 se
888 976 1020 1043 quartus
1043 962 1075 1023 in
1100 981 1149 1040 eo,
1184 962 1272 1043 quod
1296 962 1357 1025 sibi
1381 963 1509 1025 nullum

245 1069 366 1131 malum
391 1068 574 1130 intullisset.

350 1176 430 1237 Item
454 1174 539 1235 Iwan
569 1173 687 1255 figulus
717 1186 832 1235 octavo
863 1173 915 1235 die
939 1188 1047 1236 contra
1081 1179 1257 1256 Agnessam
1281 1175 1452 1238 mulierem
1474 1195 1508 1238 se

243 1281 360 1344 tercius
383 1280 501 1362 jurabit
523 1298 618 1362 super
642 1299 692 1359 eo,
717 1279 804 1361 quod
830 1280 931 1361 Ipsam
955 1299 1021 1342 non
1045 1281 1270 1343 verberaverit.

392 1497 491 1573 ieris
517 1507 617 1574 sexta
645 1502 800 1590 proximo
829 1506 908 1571 ante
936 1500 1136 1571 dominicam
1164 1498 1257 1571 Oculi
1287 1502 1362 1571 mei.

743 1651 808 1732 (27.
824 1651 1001 1733 februarii).

348 1795 457 1857 Primo
481 1794 644 1857 Iohannes
676 1793 761 1857 filius
784 1794 868 1856 Petri
897 1807 1006 1856 contra
1031 1794 1120 1878 Syulc
1143 1814 1176 1856 se
1207 1794 1417 1876 solempniter
1446 1812 1505 1855 suo

242 1899 422 1982 juramento
447 1901 603 1982 premisso
630 1900 828 1982 expurgavit.

349 2006 427 2068 Item
452 2004 613 2086 Georgius
629 2005 759 2087 jobagio
776 2005 919 2088 magistri
933 2005 1058 2068 Nicolai
1075 2005 1115 2068 de
1132 2005 1329 2068 Coztanicha
1345 2025 1379 2067 se
1395 2018 1505 2067 contra

242 2111 381 2173 eundem
407 2113 496 2194 Syulc
520 2111 717 2194 expurgavit.

348 2219 426 2281 Item
452 2218 561 2280 Sibich
595 2231 626 2280 et
649 2218 749 2279 Pazar
778 2231 887 2280 contra
912 2218 1001 2279 Marlr
1033 2231 1147 2280 octavo
1177 2217 1230 2279 die
1252 2218 1504 2300 respondebunt.

348 2325 424 2385 Item
450 2323 586 2385 Mathias
610 2324 752 2385 concivis
785 2337 894 2386 noster
926 2324 957 2384 in
982 2324 1082 2385 nostri
1114 2324 1278 2406 presencia
1302 2322 1434 2386 firmiter
1456 2343 1503 2385 as·

242 2430 378 2512 sumpsit
401 2429 490 2511 quod
514 2449 707 2512 quecunque
724 2429 863 2511 dampna
881 2429 913 2491 in
931 2429 1060 2491 cellario
1078 2428 1288 2492 Chuchlronis
1312 2429 1411 2492 nostri
1428 2448 1503 2492 con·

242 2537 319 2598 civis
343 2536 496 2617 magistro
520 2536 659 2598 Iohanni
684 2535 799 2618 Crispo
816 2549 925 2600 nostro
942 2535 1088 2597 similiter
1112 2535 1235 2597 concivi
1260 2536 1424 2597 evenirent
1447 2555 1504 2618 per

240 2643 401 2705 stillicidia
431 2641 482 2703 vel
513 2641 653 2721 furtum,
685 2655 739 2703 aut
770 2641 880 2703 circuli
912 2641 1053 2723 ipsarum
1084 2641 1279 2702 tunellarum
1312 2660 1369 2723 per
1399 2641 1502 2723 ipsam

238 2767 355 2830 aquam
380 2748 640 2831 deperderentur,
664 2746 751 2809 idem
775 2744 911 2808 Mathias
935 2747 1105 2828 assumpsit
1128 2759 1325 2828 supportare.

343 2854 421 2916 Item
456 2853 619 2915 Iohannes
653 2853 756 2915 Vosos
788 2867 897 2914 contra
936 2853 1109 2935 parlerium
1144 2852 1250 2933 primo
1286 2851 1400 2913 citatus
1434 2871 1501 2914 non

239 2960 430 3043 comparuit.

344 3067 421 3128 Item
446 3067 599 3127 Nicolaus
623 3078 731 3127 contra
750 3065 924 3127 Martinum
937 3063 1080 3126 secundo
1097 3064 1210 3125 citatus
1227 3083 1291 3125 non
1309 3063 1499 3144 comparuit.

341 3172 419 3233 Item
438 3171 600 3233 Iohannes
616 3183 725 3232 contra
743 3169 977 3251 Margaretham
990 3171 1095 3252 primo
1108 3170 1297 3231 citatusnon
1311 3170 1499 3253 comparuit.

342 3279 419 3340 Item
445 3276 606 3339 Iohannes
629 3275 713 3338 filius
746 3276 891 3338 Dominus
921 3289 1031 3338 contra
1058 3274 1237 3357 Georgium
1267 3289 1422 3338 sartorem
1446 3296 1500 3338 oc·

237 3397 313 3446 tavo
337 3384 389 3445 die
413 3381 630 3465 respondebit.

340 3490 419 3554 Item
443 3488 610 3550 Emericus
632 3501 741 3549 contra
766 3487 896 3549 Petrum
924 3486 1066 3548 secundo
1090 3488 1203 3548 citatus
1219 3507 1284 3549 non
1309 3488 1498 3570 comparuit.

340 3596 418 3658 Item
442 3597 528 3657 Iwan
552 3607 662 3656 contra
687 3594 858 3655 Nicolaum
882 3608 996 3655 octavo
1021 3593 1072 3654 die
1101 3593 1317 3676 respondebit.

342 3703 420 3764 Item
437 3700 643 3783 Wlirouycha
667 3713 776 3762 contra
794 3699 973 3781 Georgium
986 3700 1091 3781 primo
1108 3700 1201 3762 citata
1218 3719 1283 3761 nou
1308 3701 1499 3780 comparuit.

341 3807 419 3870 Item
455 3807 576 3869 Dicaua
618 3819 727 3867 contra
762 3806 963 3888 Mychaelem
1001 3804 1104 3868 Ortofi
1147 3805 1252 3887 primo
1292 3805 1385 3868 citata
1431 3826 1497 3868 non

235 3915 423 3997 comparuit.

341 4020 416 4083 Item
440 4019 593 4082 Nicolaus
623 4017 708 4080 filius
739 4018 863 4081 Crisani
896 4032 1004 4080 contra
1038 4018 1205 4080 Marenum
1238 4031 1269 4080 et
1293 4018 1496 4081 Clementem

235 4128 341 4211 primo
365 4128 478 4188 citatus
502 4145 567 4186 non
592 4125 772 4207 comparuit
795 4138 826 4186 et
851 4123 1039 4204 Georgium.

341 4233 418 4293 Item
447 4231 607 4293 lanchech
638 4244 752 4292 octavo
777 4231 829 4292 die
861 4249 916 4312 per
945 4230 1083 4291 Iwanam
1107 4242 1138 4291 et
1170 4228 1321 4311 Gungam
1345 4231 1495 4294 atestabit

235 4358 330 4421 super
347 4358 396 4415 en,
420 4337 508 4419 quod
526 4336 701 4418 Gregorius
725 4337 850 4397 institor
868 4335 983 4417 Floryz
1007 4349 1136 4397 centnm
1152 4334 1300 4396 denarios
1321 4348 1494 4400 teneretur.

341 4444 418 4506 Item
441 4443 597 4505 Martinus
621 4457 729 4504 contra
754 4442 908 4503 Dicauam
941 4442 1045 4523 primo
1074 4441 1186 4503 citatus
1214 4460 1279 4502 non
1304 4442 1495 4523 comparuit.

339 4550 416 4611 Item
442 4549 635 4611 Benedictus
659 4562 768 4611 contra
793 4548 967 4609 Bedicham
996 4562 1110 4609 octavo
1134 4546 1185 4608 die
1211 4547 1427 4629 respondebit.

338 4656 418 4719 Item
454 4655 633 4739 Stephanus
671 4656 766 4717 Zolar
793 4667 903 4716 contra
934 4654 1118 4735 Dragonam
1148 4654 1253 4736 ptimo
1284 4654 1398 4717 citatus
1428 4671 1494 4715 non

232 4758 425 4840 comparuit.
