3472 5234
637 306 839 386 Ann01378.
869 344 909 354 -
934 325 963 371 2.
979 313 1065 388 julii.
1436 332 1496 393 139

338 522 417 584 Item
450 521 622 585 Chuethlro
654 533 768 582 octavo
801 519 852 580 die
883 519 1010 600 jurabit,
1034 520 1123 602 quod
1156 521 1221 603 ipse
1253 521 1401 583 nescierit
1425 522 1497 603 quis

231 627 339 711 fruges
363 627 488 689 Nicolai
513 626 637 689 Odolas
661 626 831 708 depascere
856 624 990 688 fecisset.

336 734 415 796 Item
448 733 641 796 Benedictus
673 729 812 793 carnifex
845 746 954 792 contra
987 730 1181 814 Gregorium
1210 750 1322 793 voacar
1352 732 1495 794 secundo

230 841 344 902 citatus
368 858 433 900 non
459 839 649 915 comparuit.

338 945 417 1006 Item
442 945 594 1025 magister
624 945 787 1007 lohannes
818 944 951 1026 Crispus
982 958 1093 1007 contra
1127 942 1321 1025 Gregorium
1353 944 1495 1006 secundo
1523 1011 1526 1014 ,

229 1050 343 1113 citatus
367 1069 432 1111 non
458 1050 648 1131 comparuit.

336 1157 414 1218 ltcm
441 1157 553 1217 Petrus
576 1170 677 1218 sartor
701 1171 811 1219 contra
837 1156 1039 1223 Clementem
1058 1155 1163 1237 primo
1188 1155 1302 1217 citatus
1318 1176 1384 1218 non
1408 1176 1495 1217 com·

228 1262 345 1344 paruit.
371 1287 373 1290 ·

335 1368 412 1430 Item
438 1366 546 1428 Mathe
564 1380 652 1429 sutor
676 1381 785 1430 contra
804 1368 1034 1448 Dragouanum
1059 1369 1165 1450 primo
1186 1369 1301 1431 citatus
1324 1388 1390 1431 non
1408 1388 1496 1430 com·

229 1472 346 1554 paruit.

334 1578 435 1640 Nota!
461 1578 549 1659 quod
575 1577 734 1659 Georgius
758 1580 915 1640 litteratus
933 1576 1082 1640 officialis
1106 1579 1230 1640 domini
1248 1580 1360 1641 Jacobi
1385 1578 1494 1662 archy-

232 1683 361 1746 diaconi
387 1685 426 1746 de
451 1683 599 1746 Guerche
623 1684 803 1746 Johannem
821 1682 984 1746 Chemerii
1002 1684 1042 1746 de
1060 1685 1213 1766 porcione
1237 1685 1354 1747 domus
1377 1699 1408 1745 et
1425 1686 1495 1746 uni·

229 1808 391 1851 versarum
409 1791 660 1872 possessionum,
673 1810 762 1852 suam
780 1809 913 1850 uxorem
931 1790 1098 1851 Francisca
1122 1804 1235 1852 vocata
1252 1791 1493 1872 contingentem

229 1893 430 1974 hereditarie,
458 1896 623 1978 prohibuit
648 1910 679 1958 et
710 1896 873 1958 interdixit
904 1916 921 1956 a
953 1896 1144 1958 vendicione
1177 1910 1208 1958 et
1237 1897 1436 1959 alienacione
1463 1911 1494 1959 et

229 2001 310 2063 alios
333 2002 496 2083 quoslibet
523 2023 555 2063 se
588 2003 826 2064 intromissione
858 2001 896 2062 de
929 2001 1050 2063 eisdem
1083 2000 1163 2063 iacta
1188 2003 1239 2064 vel
1270 2000 1416 2063 facienda
1442 2021 1494 2063 co-

228 2127 296 2169 ram
321 2110 425 2171 nobis.

333 2216 411 2278 ltem
431 2234 524 2276 causa
550 2214 688 2276 Emerici
713 2226 744 2275 et
768 2213 851 2274 Petri
882 2227 928 2275 est
952 2233 1008 2295 per
1043 2215 1161 2276 Lucam
1187 2215 1317 2276 Bonioli
1350 2228 1382 2277 et
1415 2215 1494 2276 Dra-

225 2324 375 2403 gozlaum
402 2321 441 2382 ad
467 2319 577 2382 feriam
603 2333 724 2381 sextam
749 2332 876 2402 recepta
899 2320 940 2381 ad
964 2339 1087 2401 pacem.

333 2428 410 2489 ltem
436 2427 524 2487 Elias
548 2446 664 2507 parvus
688 2438 796 2486 contra
822 2426 992 2486 Nicolaum
1021 2425 1158 2487 condam
1183 2426 1324 2506 judicem
1349 2426 1493 2489 secundo

228 2534 341 2595 citatus
365 2553 429 2593 non
456 2533 645 2613 comparuit.

332 2637 432 2700 Nota!
457 2637 545 2719 quod
569 2657 626 2719 per
650 2637 801 2717 judicem,
818 2636 939 2717 juratos
963 2651 995 2699 et
1019 2639 1201 2700 universam
1225 2640 1492 2700 communitatem

227 2742 286 2805 luit
310 2744 433 2805 editum
458 2758 489 2804 et
512 2756 665 2804 statutum
689 2756 819 2824 propter
842 2744 965 2803 bonurn
982 2743 1079 2825 pacis,
1100 2742 1189 2823 quod
1213 2745 1289 2825 quia
1312 2756 1387 2804 sunt
1410 2763 1491 2805 non·

228 2850 308 2910 nulli
334 2849 389 2931 qui
415 2850 547 2910 Mareno
572 2848 697 2909 concivi
722 2861 831 2910 nostro
857 2848 1093 2925 insidiarentur,
1126 2862 1161 2908 ut
1185 2868 1424 2930 quemcumque
1447 2849 1489 2936 ‚de

228 2969 333 3018 cetero
354 2957 387 3016 in
409 2955 508 3016 domo
532 2975 588 3015 sua
613 2954 664 3015 vel
689 2954 720 3014 in
746 2955 832 3015 curia
857 2955 888 3015 in
914 2955 965 3015 die
990 2955 1040 3016 vel
1066 2969 1158 3016 nocte
1183 2955 1417 3037 reprehendere
1435 2975 1492 3038 po·

228 3062 311 3139 terit,
336 3061 391 3142 qui
410 3061 461 3122 vel
482 3061 554 3141 quis
579 3060 638 3121 sibi
658 3059 833 3138 insidiaret,
849 3059 946 3121 talem
972 3059 1022 3119 vel
1047 3059 1126 3121 tales
1150 3061 1176 3121 si
1193 3059 1338 3121 occidere
1363 3061 1491 3142 poterit,

226 3166 265 3228 de
291 3168 416 3229 civitate
442 3187 506 3227 non
532 3166 677 3227 exuletur
700 3185 805 3247 neque
830 3167 971 3248 aliquam
997 3185 1113 3246 penam
1143 3167 1282 3228 incurret
1307 3167 1377 3248 ipso
1395 3165 1491 3231 iacto.

333 3272 411 3333 ltem
441 3271 561 3333 Mathia
594 3271 719 3334 Crisani
752 3291 843 3333 suam
875 3272 1062 3353 porcionem
1094 3273 1155 3334 orti
1189 3272 1352 3334 interdixit
1383 3292 1492 3334 coram

227 3378 320 3439 nobis
345 3393 375 3440 et
400 3379 478 3439 alias
502 3379 665 3439 universas
689 3378 906 3459 possessiones
928 3397 1022 3438 suum
1047 3377 1176 3441 fratrem
1201 3399 1218 3439 a
1243 3378 1446 3443 vendicione.

332 3485 410 3546 ltem
435 3483 598 3547 Corardus
621 3497 724 3545 textor
749 3485 853 3564 primo
878 3483 997 3562 judicio
1029 3499 1139 3546 contra
1164 3484 1269 3546 Eliam
1294 3484 1492 3547 aurifabrum

228 3590 446 3671 respondebit.

333 3696 410 3758 ltem
436 3695 605 3757 Chernech
631 3714 747 3777 parvus
772 3708 881 3755 contra
908 3694 1042 3756 luanum
1066 3695 1247 3758 carnificem
1273 3696 1416 3758 secundo
1448 3697 1492 3758 ci-

225 3816 309 3864 tatus
332 3822 396 3862 non
422 3802 613 3884 comparuit.

335 3908 413 3970 ltem
439 3927 532 3968 causa
558 3907 646 3968 Iuani
672 3921 703 3969 et
727 3907 923 3968 Wlkouiche
945 3921 991 3969 est
1015 3928 1071 3989 per
1089 3909 1217 3970 Petrum
1244 3908 1436 3990 Hungarum
1461 3923 1493 3972 et

229 4012 344 4076 Chilus
369 4014 407 4074 ad
434 4013 574 4095 primum
600 4012 755 4094 judicium
781 4027 908 4095 recepta
932 4013 973 4074 ad
997 4034 1121 4095 pacem.

266 4231 362 4305 leria
391 4241 489 4304 serta
518 4235 673 4321 proxima
701 4240 778 4321 post
807 4233 928 4303 festum
957 4234 1131 4304 beatorum
1161 4233 1252 4303 Petri
1281 4244 1313 4304 et
1344 4234 1439 4305 Pauli

740 4356 981 4444 apostolorum.

779 4514 824 4586 (2.
848 4508 944 4584 j'ulit).

334 4649 442 4709 Primo
468 4648 631 4710 Corardus
655 4661 743 4707 sutor
776 4662 885 4708 contra
910 4648 1112 4730 Mychaelem
1148 4647 1286 4730 Ortophi
1311 4647 1416 4729 primo
1449 4647 1491 4708 ci-

225 4765 309 4815 tatus
334 4773 397 4815 non
424 4755 614 4835 comparuit.
