3472 5234
648 321 735 379 Anno
757 316 851 397 1586.
874 355 919 365 -
940 332 989 396 15.
1012 321 1093 382 maii.
1447 339 1510 402 253

349 531 428 592 Item
453 530 585 592 domIna
611 529 787 613 Mychaeh's
817 528 996 612 Ortolflych
1029 544 1059 592 et
1082 532 1257 594 Katherina
1289 552 1390 614 usque
1415 535 1508 615 quin·

244 636 342 698 denas
374 649 512 717 quatuor
544 656 666 698 marcas
698 637 904 699 denariorum
934 638 1066 700 domine
1098 639 1237 700 consorti
1270 638 1426 701 Iohannis
1451 638 1508 702 filii

243 741 368 804 Nicolai
392 742 528 805 solvent.

349 849 427 911 Item
464 848 645 932 Stephanus
681 848 834 931 Ilernych
870 862 979 911 contra
1013 851 1120 912 Bartol
1157 850 1261 933 primo
1294 851 1407 914 citatus
1442 871 1508 914 non

242 955 431 1037 comparuit.

347 1060 426 1123 Item
452 1060 564 1144 Cygan
589 1075 699 1124 contra
725 1061 833 1123 Endre
858 1061 924 1143 Syb
948 1062 1054 1145 primo
1089 1062 1204 1125 citatus
1228 1083 1293 1126 non
1318 1065 1509 1147 comparuit.

348 1167 427 1228 Item
451 1168 612 1229 Iohannes
637 1167 855 1230 chhkouich
888 1182 998 1230 contra
1029 1168 1201 1231 Nicolaum
1232 1170 1334 1232 filium
1360 1170 1509 1234 Matheua

242 1272 346 1354 prImo
379 1274 492 1336 citatus
515 1293 580 1335 non
606 1274 795 1356 comparuit.

347 1378 426 1441 Item
451 1380 604 1442 Nicolaus
628 1394 736 1443 contra
761 1380 871 1442 Bartol
894 1381 1000 1463 primo
1025 1382 1140 1444 citatus
1163 1403 1229 1445 uon
1254 1385 1445 1466 comparuit.

346 1485 425 1547 Item
450 1506 544 1548 causa
569 1485 719 1568 Gregorii
735 1486 853 1566 Angeli
877 1501 908 1547 et
932 1486 1081 1568 Gregorii
1100 1487 1157 1550 filii
1182 1489 1231 1550 sui
1255 1503 1367 1551 contra
1393 1489 1506 1573 Cygan

241 1606 270 1653 et
294 1590 452 1655 famulum
476 1613 570 1655 suum
595 1593 635 1655 ad
658 1608 809 1655 octavum
833 1592 920 1655 diem
944 1593 985 1655 ad
1008 1614 1120 1678 pacem
1145 1610 1193 1658 est
1216 1611 1352 1677 recepta.

346 1700 426 1761 Item
450 1701 562 1762 Petrus
592 1713 623 1761 et
646 1700 714 1761 luri
746 1699 882 1781 quilibet
913 1719 1025 1761 eorum
1057 1702 1157 1763 tercio
1182 1721 1215 1763 se
1246 1701 1388 1784 (jurabit)
1412 1722 1508 1785 super

240 1822 290 1882 eo,
315 1804 403 1886 quod
427 1804 487 1887 ipsi
513 1806 545 1866 In
570 1804 714 1887 quodam
738 1804 902 1867 furticinio
930 1820 1035 1868 essent
1067 1807 1265 1887 innocentes,
1290 1821 1400 1870 contra
1425 1809 1507 1870 Pau·

241 1909 308 1972 lum
332 1924 484 1973 sutorem.

345 2017 424 2078 Item
457 2037 549 2079 causa
581 2017 704 2079 Mareni
732 2016 789 2080 filii
822 2019 977 2080 Iohannis
1008 2031 1118 2080 contra
1151 2018 1350 2101 Stephanum
1382 2019 1422 2082 ad
1454 2039 1507 2082 oc-

238 2134 347 2183 tavum
374 2123 460 2184 diem
485 2136 531 2185 est
554 2137 738 2205 prorogata.

344 2228 422 2290 Item
450 2229 538 2310 quod
562 2229 638 2310 quia
669 2250 726 2312 per
755 2243 850 2291 testes
878 2229 987 2292 Marco
1019 2228 1104 2291 filius
1128 2229 1264 2312 Mykech
1290 2229 1322 2291 id
1359 2250 1507 2313 compro·

240 2335 338 2413 bavit,
371 2334 442 2417 (...
469 2333 641 2418 Georgius)
674 2336 771 2397 Loter
799 2334 964 2416 quoddam
996 2335 1108 2396 viuum
1133 2349 1164 2397 et
1196 2355 1331 2397 avenam
1360 2356 1419 2418 pro
1451 2356 1508 2398 sua

239 2440 376 2520 pecunia
400 2440 552 2502 videlicet
583 2439 795 2521 quadragInta
827 2441 971 2522 quinque
999 2439 1087 2516 flor.;
1112 2440 1186 2502 ideo
1218 2441 1285 2522 ipse
1315 2441 1443 2502 Marcus
1468 2441 1507 2503 de

240 2545 333 2607 dIctis
350 2547 426 2607 vino
450 2561 480 2607 et
496 2565 596 2608 avena
621 2544 706 2626 juxta
723 2565 813 2608 suam
830 2546 1000 2627 pecuniam
1024 2546 1165 2628 recipere
1182 2560 1287 2627 potest
1303 2559 1335 2607 et
1352 2546 1508 2608 residium

239 2651 294 2712 alii
320 2651 489 2714 debitores.

346 2757 424 2819 Item
449 2756 624 2839 Gregorius
649 2771 679 2820 et
711 2759 824 2819 Petrus
856 2757 993 2839 quilibet
1016 2776 1129 2818 eorum
1160 2757 1260 2818 tercio
1284 2777 1317 2819 se
1348 2777 1444 2840 super
1467 2777 1506 2819 eo

238 2863 365 2945 jurabit,
391 2864 478 2945 quod
503 2865 563 2946 ipsi
588 2878 748 2926 eteorum
769 2862 860 2945 pueri
883 2863 1036 2924 essentin
1062 2862 1206 2944 quodam
1222 2860 1389 2924 lurticinio
1413 2863 1505 2924 inno·

239 2984 357 3048 centes,
382 2984 496 3033 octavo
519 2970 581 3033 die.
1057 2968 1059 2972 ’

345 3076 423 3139 Item
447 3076 632 3138 Anthonius
656 3091 686 3139 et
711 3076 880 3159 Philippus
903 3090 991 3138 sutor
1022 3096 1055 3137 se
1081 3076 1112 3136 in
1137 3073 1222 3137 lacto
1246 3074 1383 3136 duarum
1412 3074 1506 3156 (mar-

238 3182 358 3263 carum)
383 3183 423 3244 ad
449 3182 535 3243 Itvan
559 3182 801 3261 commiserunt,
825 3182 864 3243 ad
889 3194 1040 3242 octavum
1064 3180 1160 3243 diem.

361 3400 457 3475 Iena
486 3404 593 3474 tercIa
621 3403 776 3491 proxima
804 3408 881 3491 post
908 3400 1031 3473 festum
1060 3402 1170 3472 sancti
1200 3401 1390 3489 Pangracii.

778 3553 842 3635 (15.
866 3557 967 3631 mar's').

342 3697 421 3758 Item
446 3716 539 3758 causa
557 3696 680 3757 Mareni
698 3710 807 3758 contra
825 3695 1006 3757 Iohannem
1025 3692 1175 3777 Grachyn
1192 3694 1233 3755 ad
1249 3706 1401 3755 octavum
1419 3692 1506 3756 diem

237 3802 278 3862 ad
302 3821 413 3884 pacem
439 3817 486 3863 est
509 3816 645 3883 recepta.

345 3907 422 3969 Item
449 3908 610 3970 Iohannes
634 3907 718 3970 filius
743 3907 861 3970 Donati
889 3919 999 3970 contra
1032 3905 1213 3989 Ortolflych
1237 3918 1352 3967 octavo
1381 3903 1432 3965 die
1457 3925 1505 3966 re·

238 4014 420 4096 spondebit.

345 4118 423 4182 Item
449 4119 616 4182 Ladislaus
639 4120 724 4182 tular
740 4133 850 4182 contra
873 4118 1053 4201 Ortolflych
1071 4130 1185 4180 octavo
1210 4117 1261 4178 die
1287 4115 1507 4198 respondebit.

345 4224 423 4286 Item
448 4224 600 4287 Clemens
632 4225 770 4306 piscator
801 4238 910 4287 contra
936 4224 1131 4306 Gregorium
1155 4223 1261 4305 primo
1293 4221 1409 4282 citatus
1440 4239 1506 4281 non

238 4331 428 4412 comparuit.

343 4435 422 4498 Item
446 4437 555 4498 Bartol
580 4435 719 4499 carnifex
744 4452 854 4499 contra
878 4435 1036 4519 Delasych
1065 4434 1170 4517 palmo
1195 4433 1309 4496 citatus
1332 4452 1400 4494 non
1418 4450 1504 4493 com·

238 4543 351 4624 paruit.

345 4648 422 4710 Item
447 4648 609 4710 Iohannes
634 4647 718 4709 filius
746 4648 865 4712 Donati
891 4668 991 4730 usque
1017 4647 1198 4730 quindenas
1221 4644 1359 4707 Iohanni
1388 4642 1505 4725 Crispo

240 4755 295 4817 Lx
319 4753 388 4817 flor.
414 4754 482 4816 auri
507 4754 631 4816 solvere
656 4753 761 4819 debet.

779 4843 790 4867 c
