3472 5234
236 331 299 410 256
633 331 719 388 Anno
742 325 836 407 1586.
861 363 901 372 —
924 343 975 404 19.
995 332 1086 402 s'unr'r'.

341 542 417 604 Item
436 541 598 602 lohannes
608 540 709 601 Pazar
722 552 833 602 contra
850 540 964 622 Jaklyn
978 541 1083 622 primo
1097 541 1210 603 citatus
1224 561 1289 602 non
1306 542 1499 623 comparuit.

340 647 420 710 Item
452 646 560 708 Endre
585 646 651 729 Syb
675 660 785 707 contra
810 645 980 708 Nicolaum
1008 645 1111 707 filiurn
1135 645 1262 707 Nicolai
1286 645 1431 708 secundo
1456 647 1499 708 ci-

235 767 318 817 tatus
342 773 407 815 non
433 753 622 834 comparuit.

341 859 420 920 ltem
436 858 585 920 Matheus
609 857 779 938 Hlebopek
805 869 914 918 contra
944 857 1074 918 Petrum
1099 857 1292 937 Hungarum
1316 857 1422 939 primo
1457 858 1501 919 ci·

234 978 317 1027 tatus
340 984 407 1026 non
433 964 623 1045 comparuit.

342 1070 421 1131 Item
446 1069 578 1130 domina
602 1087 733 1130 consors
758 1068 885 1130 Nicolai
903 1069 1023 1129 Sarkan
1046 1081 1161 1129 octavo
1178 1067 1230 1129 die
1254 1067 1450 1130 duodecimo
1467 1089 1500 1130 se

235 1175 433 1237 dominabus
449 1194 545 1257 super
561 1194 600 1236 eo
617 1175 744 1256 jurabit,
761 1174 850 1254 quod
875 1175 941 1256 ipsa
959 1174 991 1235 in
1008 1187 1112 1236 morte
1131 1175 1253 1236 Mareni
1270 1175 1427 1236 innocens
1451 1175 1501 1238 ait.

342 1280 420 1343 ltem
438 1280 584 1342 Thomas
600 1292 714 1342 octavo
739 1280 790 1341 die
807 1300 864 1361 per
879 1279 1050 1342 Nicolaum
1069 1280 1201 1358 Sarkan,
1226 1279 1390 1341 Thomam
1408 1281 1501 1342 Hun-

234 1406 359 1468 gmum,
384 1386 547 1448 Thomam
572 1385 741 1465 decanum,
772 1386 972 1469 Stephanum
1004 1386 1104 1447 Pazar
1135 1399 1165 1447 et
1189 1385 1388 1468 Stephanum
1413 1386 1501 1447 selli-

235 1512 345 1575 parem
370 1492 432 1555 hoc
455 1493 620 1570 atestabit,
649 1492 738 1573 quod
770 1493 837 1574 ipse
870 1512 1008 1554 unacum
1033 1492 1169 1553 Hertico
1199 1491 1336 1574 pellifice
1368 1511 1501 1555 concor·

235 1600 323 1660 diam
347 1597 483 1661 fecisset.
997 1592 1000 1600 ’

341 1705 419 1767 ltem
444 1705 610 1767 Emericus
633 1717 747 1767 octavo
772 1704 824 1766 die
848 1704 991 1766 secundo
1016 1725 1049 1767 se
1073 1724 1169 1787 super
1192 1724 1231 1766 eo
1258 1704 1386 1785 jurabit,
1411 1704 1499 1786 quod

236 1810 302 1893 ipse
328 1809 500 1893 Jaklynum
527 1808 703 1873 interficere
728 1810 893 1872 noluisset.

342 1916 420 1978 Item
445 1936 538 1977 causa
564 1915 718 1978 Anthonii
743 1916 878 1999 Jursych
909 1929 1020 1978 contra
1048 1916 1251 1978 Clementem
1285 1915 1326 1977 ad
1351 1928 1501 1977 octavum

236 2021 323 2084 diem
348 2021 388 2083 ad
412 2041 525 2103 pacem
554 2035 600 2082 est
623 2035 761 2103 recepta.

343 2127 421 2188 Item
446 2126 558 2209 Cygan
584 2141 693 2189 contra
718 2126 826 2189 Endre
849 2127 991 2189 secundo
1015 2128 1128 2190 citatus
1152 2146 1217 2189 non
1242 2127 1432 2209 comparuit.

342 2231 420 2292 Item
445 2231 559 2313 Cygan
584 2246 615 2294 et
638 2231 745 2293 Endre
778 2246 888 2294 contra
919 2232 1113 2314 Gregorium
1149 2231 1291 2293 secundo
1323 2232 1410 2293 citati
1434 2252 1500 2293 non

236 2350 498 2418 comparuerunt.

342 2441 420 2504 ltem
452 2441 613 2504 lohannes
644 2442 729 2504 filius
753 2442 872 2504 chhk
904 2457 1014 2505 contra
1046 2442 1217 2504 Nicolaum
1241 2442 1344 2504 filium
1369 2442 1501 2525 Mathey

234 2547 335 2609 tercio
359 2548 472 2610 citatus
495 2567 561 2609 non
586 2549 776 2631 comparuit.

350 2781 447 2856 Feria
475 2787 581 2857 tercia
609 2788 764 2874 proxima
792 2794 869 2874 post
895 2785 1019 2857 festum
1048 2796 1163 2857 sancte
1189 2785 1383 2857 Trinitatis.

765 2939 827 3013 (19.
858 2937 970 3014 junii).

342 3076 420 3138 Item
445 3097 537 3138 causa
563 3077 694 3138 domine
718 3097 827 3138 socrus
851 3078 1005 3139 lohannis
1022 3080 1120 3139 Vasas
1144 3091 1253 3138 contra
1278 3076 1433 3158 Egidium
1451 3097 1500 3138 sa-

236 3182 397 3245 cerdotern
432 3197 462 3243 et
490 3183 645 3243 Jacobum
677 3182 837 3243 literatum
869 3182 909 3243 ad
942 3198 1090 3245 octavum
1123 3183 1209 3244 diem
1239 3182 1279 3243 ad
1310 3202 1419 3265 pacem
1453 3196 1500 3244 est

236 3303 372 3372 recepta.

342 3393 420 3455 Item
437 3392 599 3454 lohannes
622 3391 707 3453 filius
732 3392 906 3475 Mychaelis
930 3410 1040 3456 contra
1067 3395 1204 3455 Paulum
1230 3393 1424 3455 Merichicha
1450 3414 1498 3455 se·

236 3498 343 3561 cundo
368 3500 480 3559 citatus
505 3517 569 3558 non
594 3499 783 3579 comparuit.

342 3602 419 3663 Item
444 3602 606 3664 lohannes
631 3602 781 3685 Grachyn
814 3618 924 3667 contra
948 3605 1128 3667 lohannem
1154 3605 1258 3686 primo
1288 3606 1402 3667 citatus
1433 3625 1498 3665 non

236 3709 426 3789 comparuit.

343 3813 420 3874 ltem
439 3814 548 3874 Petrus
563 3813 678 3894 longus
694 3830 802 3876 contra
822 3817 959 3878 Katham
972 3816 1076 3898 primo
1094 3817 1207 3877 citatus
1224 3835 1289 3876 non
1304 3817 1497 3897 comparuit.

343 3918 419 3980 ltem
441 3920 542 3981 Malar
566 3935 675 3982 contra
701 3920 877 4002 Georgium
903 3923 941 3982 de
966 3920 1139 3983 Rakouech
1165 3922 1269 4002 primo
1294 3922 1406 3982 citatus
1431 3941 1496 3981 non

237 4025 425 4105 comparuit.

343 4130 419 4191 Item
442 4151 536 4193 causa
562 4132 711 4212 Gregorii
738 4147 850 4195 ‘contra
875 4134 981 4195 Endre
1007 4134 1072 4215 Syh
1098 4132 1137 4193 ad
1169 4146 1318 4194 octavum
1344 4132 1432 4192 diem
1458 4131 1498 4192 ad

237 4254 348 4315 pacem
374 4250 420 4295 est
445 4251 581 4318 recepta.

343 4341 420 4402 Item
445 4362 537 4404 causa
563 4344 687 4405 Nicolai
712 4358 822 4405 contra
846 4345 952 4404 Endre
970 4343 1010 4404 ad
1034 4356 1183 4403 octavum
1209 4341 1294 4402 diem
1319 4341 1359 4402 ad
1384 4362 1496 4423 pacem

237 4459 284 4506 est
306 4462 442 4527 recepta.
1300 4439 1303 4442 ⁴

343 4550 420 4614 Item
452 4573 547 4615 causa
580 4553 687 4616 Bartol
720 4568 829 4616 contra
862 4553 1059 4635 Stephanum
1093 4552 1237 4634 Herrych
1273 4553 1314 4613 ad
1346 4565 1496 4614 octavum

237 4654 323 4717 diem
349 4656 389 4717 ad
415 4678 526 4739 pacem
552 4674 598 4721 est
622 4673 757 4741 recepta.

342 4762 420 4824 ltem
445 4764 542 4845 Elyas
565 4784 681 4847 parvus
704 4778 814 4826 contra
838 4763 946 4856 Bartol
962 4763 1066 4844 primo
1088 4763 1200 4826 citatus
1223 4783 1288 4825 non
1306 4763 1496 4845 comparuit.
