3472 5234
596 293 681 350 Anno
706 288 802 369 1389.
828 325 868 336 -
893 306 922 353 2.
947 294 1060 367 aprilis.
1406 312 1465 374 295

309 505 388 566 ltem
408 504 525 565 Paulus
538 502 627 564 faber
643 516 757 564 octavo
775 500 826 562 die
838 516 947 564 contra
964 502 1132 564 Elizabeth
1150 503 1343 585 respondere
1358 504 1464 566 debet.

310 611 388 672 ltem
406 611 507 671 laleta
525 609 641 671 mulier
657 622 772 671 octavo
797 608 848 670 die
866 622 975 670 contra
994 612 1153 690 Agnesam
1172 622 1265 671 testes
1288 610 1467 692 producere

202 717 309 795 debet,
333 716 457 798 primo:
482 719 621 793 Annam,
651 714 821 797 Matheyka
846 728 877 774 et
901 714 1069 775 Elizabeth
1093 715 1255 778 mulieres.

311 840 389 901 ltem
414 839 539 901 Blasich
572 851 682 900 contra
707 837 901 920 Gregorium
934 839 1089 921 voyschar
1119 843 1225 921 primo
1254 841 1368 903 citatus
1401 861 1467 904 non

202 947 393 1029 comparuit.

305 1052 383 1113 ltem
403 1053 545 1113 llosman
571 1064 680 1112 contra
706 1049 884 1131 Georgium
909 1050 1014 1132 primo
1039 1051 1152 1114 citatus
1177 1071 1241 1113 non
1275 1054 1467 1135 comparuit.

307 1159 386 1222 Item
410 1179 504 1220 causa
522 1157 677 1220 Demetrii
695 1170 807 1219 contra
824 1157 964 1219 Borlram
988 1177 1090 1238 usque
1108 1171 1181 1220 octo
1206 1158 1273 1219 dies
1297 1160 1337 1219 ad
1354 1179 1465 1240 pacem

202 1279 250 1327 est
277 1280 413 1347 recepta.

308 1371 385 1432 Item
405 1371 541 1433 vicarius
557 1384 667 1431 contra
684 1370 886 1432 Anthonium
903 1370 1045 1433 secundo
1059 1369 1171 1431 citatus
1192 1389 1257 1430 non
1274 1371 1464 1453 comparuit.

307 1494 387 1556 ltem
412 1493 572 1575 Georgius
598 1508 707 1555 contra
732 1495 902 1556 dominum
935 1494 1115 1555 Johannem
1147 1507 1262 1555 octavo
1286 1494 1337 1555 die
1370 1507 1464 1554 testes

200 1601 368 1682 producet,
395 1600 560 1662 videlicet:
586 1601 713 1661 Petrum
739 1613 770 1661 et
793 1601 962 1662 Nicolaum
987 1601 1177 1662 sacerdotes.

309 1725 388 1786 ltem
403 1724 510 1786 Endre
525 1724 580 1786 Sib
594 1737 702 1785 contra
713 1724 899 1786 Simeonem
912 1725 1054 1787 secundo
1068 1725 1181 1786 citatus
1193 1744 1258 1786 non
1273 1725 1462 1807 comparuit.

309 1831 385 1892 ltem
412 1830 563 1892 Nicolaus
588 1830 730 1891 Baboieb
756 1844 864 1892 contra
895 1831 1031 1892 Paulum
1061 1831 1218 1912 pictorem
1242 1850 1343 1911 usque
1367 1849 1461 1890 suum

203 1936 376 1998 adventum
403 1936 434 1996 in
460 1936 564 2018 primo
588 1935 708 2017 judicio
732 1936 924 2019 respondere
949 1937 1044 1998 debet
1068 1937 1136 1997 sine
1161 1935 1332 1998 dilacione.

309 2060 386 2122 ltem
411 2059 498 2121 idem
523 2060 640 2121 Paulus
665 2074 774 2122 contra
792 2060 1021 2123 Stachunarich
1046 2061 1090 2122 sic
1111 2061 1199 2141 prius
1222 2061 1255 2121 in
1279 2081 1372 2122 causa
1390 2081 1464 2143 pro·

199 2179 312 2246 rogata
336 2166 403 2227 sine
428 2166 660 2247 prorogacione
685 2166 877 2249 respondere
902 2167 1007 2228 debet.

309 2272 386 2334 ltem
419 2272 522 2333 Draxa
547 2286 656 2334 contra
673 2272 875 2335 Anthonium
895 2274 1038 2335 secundo
1056 2273 1168 2334 citatus
1192 2292 1256 2334 non
1274 2275 1463 2355 comparuit.

305 2378 383 2440 ltem
406 2379 559 2439 Nicolaus
575 2378 769 2460 lucifigulus‚
787 2380 979 2442 Benedictus
997 2394 1105 2441 contra
1123 2378 1251 2461 Mathey
1275 2380 1464 2443 secundario

200 2482 287 2546 citati
313 2505 378 2547 non
403 2499 661 2566 comparuerunt.

306 2591 382 2653 ltem
407 2591 673 2653 Zlatobradchich
698 2605 807 2654 contra
832 2592 998 2654 Vrbanum
1024 2592 1128 2673 primo
1146 2592 1258 2654 citatus
1282 2611 1348 2653 non
1372 2611 1459 2653 com·

198 2697 313 2779 paruit.

304 2804 382 2866 ltem
408 2803 567 2886 Georgius
585 2806 681 2866 Loter
705 2817 814 2865 contra
838 2803 1019 2864 Johannem
1036 2803 1164 2886 Gracyn
1188 2802 1330 2865 secundo
1344 2804 1460 2865 citatus

197 2928 262 2971 non
288 2911 479 2992 comparuit.

306 3017 384 3078 ltem
410 3018 497 3098 quod
523 3018 598 3100 quia
624 3016 742 3078 Paulus
766 3017 875 3078 Leualr
899 3034 956 3098 per
979 3027 1073 3076 testes
1090 3013 1235 3076 efficaces
1258 3015 1291 3076 id
1315 3034 1462 3096 compro-

200 3122 297 3201 bavit,
323 3122 409 3204 quod
435 3123 567 3185 domina
591 3124 673 3185 Vida
698 3121 827 3184 Thome
861 3135 999 3203 quatuor
1029 3121 1130 3182 dietas
1153 3134 1234 3182 terre
1258 3135 1461 3183 testamenta·

197 3227 271 3290 liter
297 3229 442 3310 legasset,
468 3229 541 3291 ideo
566 3230 670 3291 eidem
692 3229 859 3291 videlicet:
884 3228 963 3288 duas
987 3227 1055 3288 dies
1071 3226 1201 3289 Thome
1225 3241 1256 3289 et
1280 3227 1358 3288 alias
1382 3226 1461 3288 duas

197 3336 298 3398 dietas
321 3349 474 3399 annotato
499 3336 610 3415 Paulo,
636 3336 741 3398 eidem
767 3335 868 3397 Paulo
892 3334 1157 3415 adjudicavimus.

300 3462 378 3523 ltem
404 3481 497 3522 causa
522 3460 650 3543 Maphie
675 3473 785 3522 contra
803 3458 1014 3520 Benedictum
1039 3476 1140 3539 usque
1165 3457 1342 3520 adventurn
1360 3458 1460 3541 ipsius

200 3567 329 3651 Maphie
354 3582 400 3630 est
424 3581 604 3650 prorogata.

301 3674 379 3737 Item
413 3675 498 3755 Suga
531 3674 647 3736 mulier
678 3687 792 3735 octavo
825 3671 876 3733 die
909 3688 1066 3754 supereo
1098 3668 1242 3730 secundo
1274 3689 1307 3730 se
1331 3668 1458 3751 jurabit,

195 3781 283 3862 quod
308 3782 410 3864 ipsam
435 3782 554 3843 Paulus
577 3779 718 3863 prefatus
742 3779 948 3841 vulnerasset.

303 3886 379 3948 ltem
405 3887 564 3968 Georgius
590 3885 806 3968 carpentarius
823 3899 936 3947 octavo
958 3885 1009 3947 die
1034 3901 1144 3948 contra
1169 3884 1363 3967 Gregorium
1381 3903 1458 3967 voy-

195 3991 285 4053 schar
309 3994 525 4074 respondebit.

300 4097 378 4159 Item
403 4099 529 4162 Mikech
555 4098 705 4180 Magdich
729 4117 831 4180 usque
853 4097 1034 4179 quindenas
1058 4096 1220 4178 Gregorio
1246 4097 1379 4160 voschar
1395 4110 1457 4160 tres

195 4201 263 4265 flor.
288 4204 356 4265 auri
382 4218 413 4266 et
437 4205 550 4286 viginti
575 4205 724 4266 denarios
748 4204 871 4266 solvere
897 4204 1002 4266 debet.

301 4327 378 4390 ltem
403 4329 491 4410 quod
516 4330 590 4410 quia
609 4329 760 4389 dominus
779 4329 878 4406 Luka,
903 4329 1113 4411 Dragozlaus,
1131 4329 1313 4390 Anthonius
1330 4326 1453 4389 Jursich

194 4448 225 4496 et
250 4434 403 4518 Gyurgek
435 4434 607 4497 Blanchich
642 4434 771 4497 luerunt
803 4437 906 4519 knezy
931 4436 987 4497 illo
1018 4450 1164 4518 tempore
1195 4454 1290 4517 super
1314 4434 1453 4516 quadam

194 4555 286 4622 terra,
311 4541 385 4603 ideo
409 4563 468 4603 nos
491 4541 611 4604 eisdem
636 4541 850 4622 juramentum
873 4541 1128 4622 adjudicavimus
1152 4542 1206 4603 tali
1231 4542 1341 4619 modo,
1366 4542 1454 4622 quod

193 4649 218 4710 si
254 4649 312 4731 ipsi
345 4648 449 4728 jurare
481 4649 615 4726 nollent,
648 4662 765 4709 extunc
797 4649 948 4710 Marenus
981 4648 1076 4711 debet
1107 4649 1229 4731 jurare;
1255 4649 1321 4730 ipse
1346 4661 1451 4709 autem

194 4755 392 4838 Dragozlaus
415 4756 515 4838 ipsam
540 4773 666 4817 causam
691 4753 730 4815 ad
755 4753 905 4836 antiquos
929 4753 1051 4837 judices
1074 4754 1258 4837 appellavit.
1360 4791 1363 4795 ·
