3472 5234
1388 395 1500 490 ...3⁴⁵

238 614 339 677 usque
364 593 544 675 quindenas
567 606 623 653 aut
657 592 762 673 primo
794 589 914 672 judicio
945 604 1017 672 post
1041 589 1247 651 Nativitatem
1280 588 1403 650 domini
1430 607 1502 669 pre·

241 714 364 763 sentare
389 699 528 761 eundem
552 716 660 759 coram
685 697 789 759 nobis.

347 806 424 868 Item
450 825 543 867 causa
568 805 717 886 Ztoyuuk
742 816 772 864 et
797 802 951 865 Johsnnis
972 815 1003 864 et
1026 822 1082 884 per
1107 800 1299 882 Gregorium
1326 819 1435 861 voscar
1462 798 1502 860 ad

239 914 379 995 primum
405 911 559 993 judicium
583 923 710 991 recepta
734 909 774 971 sd
798 929 921 992 pacem.

345 1019 423 1080 ltem
448 1036 541 1079 causa
566 1015 720 1077 lobannis
743 1015 835 1096 jurati
858 1028 888 1077 et
906 1016 1004 1077 Marci
1029 1028 1074 1076 est
1097 1035 1154 1097 per
1170 1015 1373 1076 Anthonium
1398 1012 1500 1075 Reniz

240 1125 279 1186 ad
306 1125 445 1207 primum
471 1122 624 1205 judicium
651 1135 776 1204 recepta
800 1121 840 1183 ad
864 1141 987 1204 pacem.

345 1230 423 1292 ltem
449 1229 610 1290 lohannes
635 1241 736 1290 sartor
763 1242 872 1289 contra
905 1226 1083 1309 Georgium
1110 1227 1292 1310 Mykouche
1324 1227 1429 1310 primo
1454 1226 1501 1308 ju·

239 1337 324 1399 dicio
348 1335 564 1419 respondebit.

346 1443 424 1504 ltem
449 1441 581 1505 domina
599 1439 708 1501 relicta
734 1440 920 1501 Peterkonis
936 1440 1041 1522 primo
1059 1440 1178 1521 judicio
1196 1455 1268 1522 post
1292 1439 1407 1502 festum
1426 1441 1501 1522 Epi·

239 1549 430 1631 phaniarum
456 1547 580 1608 domini
606 1545 752 1608 atestabit
783 1566 941 1628 supereo
969 1566 1026 1629 per
1057 1546 1225 1607 dominum
1252 1546 1426 1624 Donatum,
1451 1546 1501 1607 Ja-

239 1658 358 1717 cobum
376 1654 455 1716 Bole
473 1668 503 1714 et
520 1652 689 1715 Nicolaum
707 1651 834 1734 Angeli,
851 1651 940 1733 quod
959 1652 1023 1734 ipsa
1041 1652 1202 1734 quandam
1220 1653 1389 1734 pecuniam
1406 1672 1501 1730 super

239 1761 373 1822 domurn
400 1758 548 1821 Griziche
574 1771 735 1838 erogasset
758 1770 790 1820 et
812 1778 901 1819 suam
927 1778 994 1820 esse
1017 1757 1084 1820 fore
1109 1759 1278 1839 allegabat.

345 1866 422 1928 ltem
448 1866 606 1927 Renarius
630 1878 739 1926 contra
764 1864 983 1927 Alexandrum
1009 1863 1086 1927 feria
1118 1866 1215 1927 tercia
1239 1865 1454 1947 respondebit.

345 1971 422 2033 ltem
462 1971 662 2052 Margarethe
698 1971 814 2032 mulier
855 1973 1003 2034 atestabit
1038 1992 1094 2054 per
1133 1973 1295 2034 Jaklinum
1334 1987 1500 2051 sartorem,

240 2078 446 2140 Pauerlinum
472 2092 502 2138 et
527 2075 704 2158 Georgium
729 2077 910 2159 piliatorem
929 2098 1024 2161 super
1047 2099 1097 2158 e0,
1122 2078 1211 2160 quod
1225 2079 1333 2141 omnia
1358 2079 1498 2161 quesibi

240 2185 438 2267 promisisset
461 2184 599 2246 totaliter
623 2185 767 2267 predicto
786 2185 955 2266 gladiatori
981 2185 1129 2248 dedisset.

344 2289 423 2352 Item
448 2309 540 2351 causa
566 2289 657 2351 Pauli
683 2303 713 2351 et
730 2291 865 2373 Mykech
888 2306 935 2354 est
958 2312 1014 2374 per
1031 2292 1231 2353 Anthonium
1257 2267 1358 2353 Rerliz
1383 2305 1414 2354 et
1431 2292 1499 2355 Ste-

237 2395 381 2478 phanum
406 2396 445 2457 ad
470 2394 582 2457 leriam
606 2397 736 2457 terciam
761 2410 887 2479 recepta
911 2398 951 2459 ad
976 2417 1097 2479 pacem.

344 2503 422 2564 ltem
436 2522 530 2564 causa
549 2501 696 2583 Gregorii
715 2522 826 2565 voscar
851 2517 881 2565 et
898 2504 1005 2587 Dyum
1023 2505 1139 2566 sutoris
1159 2515 1210 2566 'est
1226 2524 1283 2586 per
1299 2504 1498 2586 Stephanum

236 2608 276 2670 ad
301 2607 414 2670 leriam
438 2608 568 2670 terciam
595 2622 720 2690 recepta
745 2608 784 2669 ad
809 2629 933 2690 pacem.

342 2714 421 2776 ltem
438 2734 532 2776 causa
558 2714 758 2795 Margarethe
782 2715 927 2776 mulieris
958 2729 990 2778 et
1013 2714 1143 2778 Thome
1168 2716 1278 2777 estad
1303 2714 1414 2778 leriam
1438 2730 1498 2778 ter·

237 2821 319 2883 ciam
345 2834 526 2904 prorogata.

340 2927 418 2989 ltem
444 2946 536 2989 causa
562 2925 730 2988 Gileuiche
755 2940 801 2989 est
824 2947 880 3010 per
897 2940 991 2989 testes
1014 2928 1054 2990 ad
1079 2926 1190 2990 leriam
1215 2929 1344 2990 terciam
1370 2943 1498 3012 recepta

236 3034 277 3095 ad
299 3054 422 3116 pacem.

344 3140 421 3202 ltem
448 3139 608 3221 Georgius
631 3153 719 3202 sutor
751 3155 860 3203 contra
893 3141 1083 3203 Merclinum
1115 3143 1261 3204 atestabit
1292 3141 1369 3204 feria
1401 3143 1498 3204 tercia

234 3266 291 3328 per
316 3246 515 3328 Stephanum
541 3259 571 3307 et
595 3245 672 3307 luan
696 3246 783 3328 quod
809 3247 914 3329 ipsum
947 3247 1033 3309 idern
1064 3248 1237 3310 Merclinus
1261 3248 1497 3331 vituperaverit.

339 3352 417 3414 ltem
443 3351 624 3433 Stephanus
655 3366 764 3414 contra
796 3353 1014 3415 Alexandrum
1046 3355 1151 3437 primo
1180 3355 1294 3416 citatus
1317 3372 1384 3415 non
1408 3373 1498 3416 com·

235 3459 351 3544 paruit.
440 3436 449 3449 '

340 3565 417 3626 ltem
442 3585 535 3626 causa
561 3565 645 3626 lwan
670 3580 701 3627 et
726 3567 810 3627 Luce
836 3579 882 3628 est
905 3586 962 3649 per
989 3568 1157 3629 Marenum
1182 3581 1254 3649 post
1277 3565 1393 3628 lestum
1420 3566 1496 3649 Epi·

233 3671 423 3754 phaniarum
448 3671 571 3733 domini
597 3672 637 3732 ad
661 3673 802 3754 primum
826 3672 981 3754 judicium
1006 3688 1132 3758 recepta
1155 3674 1195 3736 ad
1220 3694 1343 3757 pacem.

339 3776 416 3838 ltem
441 3797 535 3838 causa
560 3776 688 3860 Gyuani
718 3792 749 3839 et
780 3779 923 3859 magistri
958 3779 1113 3842 iohannis
1146 3780 1250 3862 Crispi
1276 3794 1323 3843 est
1346 3801 1403 3862 per
1431 3784 1497 3841 An·

234 3881 382 3943 thonium
409 3883 509 3944 Reniz
534 3898 565 3945 et
590 3884 757 3945 Miclinum
782 3885 822 3946 ad
839 3886 979 3968 primum
1003 3886 1158 3967 judicium
1182 3901 1255 3970 post
1278 3886 1394 3950 festum
1421 3888 1497 3970 Epi·

233 3987 424 4068 phaniarum
449 3989 572 4050 domini
598 4005 723 4072 recepta
748 3990 788 4051 ad
812 4011 934 4073 pacem.

339 4093 416 4155 ltem
441 4095 608 4157 Elizabeth
628 4109 737 4157 contra
755 4097 934 4159 lohannem
951 4099 1093 4161 secundo
1111 4100 1204 4161 citata
1223 4120 1288 4161 non
1307 4101 1496 4182 comparuit.

338 4313 483 4385 Sabbata
511 4316 662 4402 proximo
701 4323 778 4387 ante
806 4316 929 4388 festum
957 4318 1046 4389 beati
1081 4317 1206 4389 Thone
1234 4319 1389 4407 apostoli.

413 4465 596 4538 Adjudicaclo
617 4469 744 4541 jndicum
767 4470 950 4542 antiquorum
973 4487 1081 4529 causas
1104 4473 1319 4544 appellancium.

341 4605 449 4667 Primo
472 4607 621 4669 invocato
646 4609 764 4670 Christi
789 4609 921 4672 nomine
945 4610 1222 4689 adjudicationem
1247 4613 1422 4695 predictam
1447 4615 1495 4697 ju·

237 4709 344 4772 dicum
369 4713 576 4794 antiquorum
607 4729 638 4776 et
669 4715 786 4777 civium
821 4717 851 4776 in
882 4713 965 4778 lacto
996 4718 1168 4780 domorum
1201 4734 1398 4782 muratarum
1422 4741 1494 4782 sua·

231 4836 369 4899 rumque
393 4818 616 4882 hedificiorum
640 4821 778 4883 condam
810 4823 965 4886 Anthonii
991 4824 1104 4887 decani
1136 4826 1373 4908 confirmamus,
1398 4829 1493 4890 robo-
