3472 5234
482 1341 632 1441 (Anno
661 1339 845 1433 Domini
872 1337 1228 1440 MCCCLIIIIXVI).

403 1685 501 1759 Feria
528 1695 626 1759 sexta
655 1689 809 1784 proxim
838 1693 915 1758 ante
948 1687 1148 1757 dominicam
1177 1685 1305 1758 Ictarc.

731 1843 798 1917 (30.
828 1840 952 1915 martii).

323 1980 401 2042 Item
435 1979 611 2061 Gregorius
642 1979 748 2042 Tadei
781 1992 890 2042 contra
918 1980 1063 2040 Marcum
1088 1977 1272 2060 Blanchych
1306 1977 1413 2058 primo
1438 1975 1481 2038 ci-

217 2097 301 2148 tatus
324 2105 389 2147 non
416 2086 604 2168 comparuit.

324 2191 402 2254 Item
427 2211 521 2254 causa
547 2192 700 2275 Stephani
725 2193 882 2254 sellatoria
910 2205 1020 2254 contra
1054 2191 1233 2272 Georgium
1266 2203 1409 2252 sutorem
1442 2188 1482 2250 ad

216 2308 368 2359 octavum
393 2296 479 2359 diem
503 2297 543 2358 ad
568 2317 680 2381 pacem
705 2313 753 2360 est
774 2313 910 2381 recepta.

323 2403 401 2464 Item
412 2404 541 2465 Leukus
551 2417 660 2466 contra
671 2405 807 2466 Paulum
817 2419 958 2466 sutorem
968 2405 1074 2487 primo
1087 2404 1200 2465 citatus
1213 2422 1278 2464 non
1293 2401 1483 2484 comparuit.

322 2508 401 2570 Item
434 2508 614 2592 Stephanus
654 2511 787 2572 clericus
822 2523 933 2572 contra
966 2509 1098 2592 Jursych
1131 2510 1236 2592 prImo
1269 2509 1382 2571 citatus
1414 2526 1482 2569 non

218 2615 411 2698 comparuit.

321 2719 400 2782 Item
425 2720 512 2802 quod
537 2722 612 2803 quia
637 2722 805 2805 Philippus
839 2720 982 2784 Gallicus
1013 2720 1117 2783 dIctus
1141 2720 1221 2802 Pipo
1247 2734 1278 2781 et
1303 2719 1481 2800 Agustinus

216 2824 377 2887 Irtulantis
403 2826 584 2889 Iohannem
615 2827 714 2890 Vasas
745 2827 848 2889 filium
865 2827 964 2889 Marci
991 2826 1127 2889 condam
1144 2825 1284 2906 judicem
1309 2826 1340 2886 in
1374 2824 1483 2887 medio

215 2932 351 2993 civitatis
375 2933 458 2994 clara
483 2933 534 2994 die
552 2935 660 2996 multis
678 2955 716 2996 ex
740 2935 856 2996 nostris
879 2935 1003 2995 civibus
1019 2933 1203 2994 videntibus
1227 2943 1258 2992 et
1274 2932 1480 2993 cernentibus

216 3058 253 3100 ex
278 3040 474 3119 precogitata
500 3040 642 3100 rancoris
659 3040 818 3120 nequicia,
843 3059 919 3121 ymo
944 3040 1086 3119 maligno
1104 3037 1225 3098 inducti
1242 3037 1366 3118 spiritu,
1384 3037 1482 3099 Inter·

216 3141 360 3205 fecerunt
384 3158 415 3206 et
439 3165 477 3205 ex
493 3144 679 3206 huiusmodi
697 3143 924 3207 interfeccione
950 3145 1048 3206 iidem
1066 3143 1233 3226 Philippus
1253 3156 1284 3205 et
1303 3143 1480 3223 Agustinus

217 3247 346 3311 fuerunt
370 3251 549 3331 aprehensi‚
575 3265 605 3312 et
629 3251 702 3312 ideo
720 3250 806 3331 juxta
829 3251 1064 3332 privilegiatam
1082 3250 1261 3312 libertatem
1287 3249 1424 3310 civitatis
1442 3248 1482 3310 de

216 3355 336 3417 eisdem
355 3355 506 3438 Philippo
524 3371 555 3417 et
578 3357 738 3437 Agustino
762 3355 920 3436 justiciam
938 3354 1072 3418 fecImus
1094 3369 1190 3438 prout
1206 3355 1314 3418 decuit
1330 3369 1360 3416 et
1377 3355 1478 3419 licuit.

323 3462 400 3524 Item
425 3464 534 3522 Kusko
560 3476 668 3523 contra
693 3467 798 3523 Anam
822 3462 927 3544 primo
952 3463 1066 3524 citatus
1090 3482 1154 3523 non
1180 3461 1369 3543 comparuit.

324 3566 402 3629 Item
429 3569 578 3629 Marenus
602 3587 658 3648 per
682 3566 883 3649 Mychaelem
914 3567 1093 3650 Ortolflych
1128 3582 1160 3630 et
1184 3567 1337 3649 Gyurgek
1369 3580 1482 3627 octavo

216 3670 267 3732 die
292 3671 354 3732 hoc
377 3673 534 3750 atestabit‚
559 3672 647 3754 quod
672 3673 777 3754 ipsum
801 3670 963 3734 Iohannes
989 3672 1137 3755 Grachyn
1162 3675 1382 3754 vituperasset.

323 3778 401 3838 Item
419 3778 572 3839 Nicolaus
596 3791 705 3839 contra
729 3778 909 3840 Iohannem
934 3779 1038 3860 primo
1063 3780 1175 3840 citatus
1199 3798 1263 3839 non
1287 3777 1477 3859 comparuit.

323 3883 401 3945 Item
416 3884 554 3965 quadam
568 3885 661 3945 vinea
675 3903 737 3965 que
752 3884 834 3946 Petri
849 3883 1017 3962 prefuisset
1027 3884 1216 3964 Magdalene
1231 3897 1277 3945 est
1287 3884 1480 3965 adjudicata.

322 3990 400 4050 Item
433 3991 565 4051 Zakaria
599 4005 671 4051 octo
703 3989 772 4052 flor.
804 3991 873 4052 auri
905 4010 1007 4072 usque
1039 3991 1218 4072 quindenas
1248 3991 1370 4052 Iacobo
1398 3989 1476 4051 Bole

215 4114 273 4175 pro
299 4095 441 4175 quodam
467 4115 552 4177 equo
576 4097 699 4157 solvere
724 4095 853 4178 (debet).

242 4328 338 4403 Feria
366 4335 474 4404 tercia
503 4337 657 4422 proxima
686 4344 763 4424 post
795 4335 916 4407 fesium
946 4335 1154 4406 Invencionis
1182 4343 1298 4407 sancte
1329 4338 1453 4406 crucis.

768 4485 812 4564 (8.
837 4489 933 4564 maia).

321 4627 399 4689 Item
424 4647 517 4690 causa
542 4630 664 4691 Marem
697 4649 753 4712 per
784 4643 880 4691 testes
912 4642 1021 4690 contra
1051 4627 1232 4690 Iohannem
1267 4627 1417 4710 Grachyn
1442 4626 1482 4688 ad

215 4745 364 4794 octavum
389 4733 475 4796 diem
500 4734 539 4796 ad
564 4755 677 4817 pacem
702 4749 748 4797 est
773 4728 907 4817 recepta.
