3472 5234
658 299 744 355 Anno
768 292 859 373 1383.
889 330 925 340 -
944 311 979 373 3.
997 298 1082 372 julii.
1447 311 1506 371 205

351 510 429 571 ltem
463 508 645 592 Stephanus
678 508 814 571 condam
847 507 967 589 juratus
999 521 1108 569 contra
1142 506 1335 588 Gregorium
1367 506 1510 567 secundo

247 616 360 678 citatus
386 635 452 677 non
481 615 670 697 comparuit.

353 722 431 784 Item
456 723 597 783 Brumen
613 720 773 783 aurifaber
789 734 899 783 contra
924 721 1008 782 lwan
1034 718 1164 781 Lotrich
1184 718 1289 800 primo
1313 718 1426 780 ciratus
1443 737 1508 779 non

247 829 435 912 comparuit.

352 936 431 997 ltem
464 934 639 1017 Dyonisius
668 932 752 995 lilius
773 933 945 995 Lowrandi
978 946 1087 994 contra
1120 932 1206 992 lwan
1230 943 1383 1009 sutorem,
1408 929 1509 991 lilium

248 1041 403 1104 lobannis
428 1039 565 1118 Milrech,
591 1040 882 1101 molendinatorem
900 1038 1055 1116 lwchech,
1079 1037 1181 1099 filium
1207 1037 1291 1098 lwan
1316 1056 1352 1097 ac
1369 1036 1509 1097 lwanam

247 1147 346 1210 filiam
371 1147 514 1209 eiusdem
539 1160 571 1208 et
588 1145 766 1227 Georgium
790 1144 892 1207 filium
912 1143 1055 1225 Georgii,
1073 1142 1184 1205 fratres
1201 1143 1298 1204 Jalrus
1323 1141 1512 1224 carpentarii

249 1254 395 1317 terciario
419 1253 452 1314 in
477 1251 547 1314 foro
564 1252 604 1313 ad
630 1264 810 1333 presentem
829 1249 941 1312 leriam
959 1251 1090 1312 terciam
1107 1250 1322 1332 proclamatus
1338 1268 1404 1309 non
1422 1247 1510 1308 venit

248 1379 343 1442 super
367 1357 449 1421 lacto
475 1359 735 1440 interempcionis
759 1358 833 1420 dicti
852 1358 949 1419 Jalrus
973 1357 1072 1418 nostri
1096 1356 1247 1434 concivis,
1274 1368 1305 1417 et
1329 1354 1403 1415 ideo
1426 1354 1452 1415 si
1478 1354 1511 1414 in

248 1465 332 1528 dicta
356 1465 483 1527 civitate
507 1465 628 1526 eteius
658 1464 820 1526 territorio
853 1464 983 1546 reperiri
1016 1462 1144 1545 poterit,
1168 1462 1207 1523 de
1239 1462 1309 1544 ipso
1333 1459 1512 1523 secundum

249 1571 513 1634 consvetudinem
538 1571 675 1633 civitatis
699 1570 837 1632 vindicta
861 1582 1071 1653 sumpmatur.

354 1678 432 1739 Item
449 1677 563 1739 Valesa
587 1690 696 1738 contra
720 1677 891 1738 Nicolaum
916 1676 1014 1738 tercio
1039 1676 1151 1738 citatus
1175 1695 1241 1737 non
1265 1674 1455 1758 comparuit.

360 1784 438 1846 ltem
463 1784 617 1845 Lucasius
641 1783 770 1866 sellipar
794 1798 908 1845 octavo
934 1784 985 1844 die
1009 1782 1134 1844 atestari
1164 1782 1259 1843 debet
1282 1782 1360 1863 quid
1384 1781 1444 1842 sibi
1469 1780 1509 1841 de

250 1889 333 1953 lacto
358 1891 439 1951 inter
464 1889 641 1971 Georgium
666 1903 696 1951 et
720 1890 886 1951 dominam
911 1890 1049 1978 lwanam
1074 1902 1206 1951 constat.

357 1996 435 2059 ltem
459 1996 541 2058 dicta
574 1997 706 2058 domina
738 1996 843 2058 lwana
875 2010 988 2058 octavo
1013 1996 1064 2056 die
1097 1995 1193 2057 tercia
1217 2015 1248 2056 se
1273 2014 1368 2077 super
1400 2014 1438 2056 eo
1463 1993 1512 2075 ju·

251 2102 342 2180 rabit,
374 2103 462 2185 quod
495 2103 628 2164 maritus
659 2121 735 2163 suus
767 2102 853 2164 dicto
886 2102 1028 2184 Georgio
1060 2103 1161 2163 tribus
1193 2102 1307 2163 marcis
1331 2116 1362 2163 et
1385 2102 1512 2163 duobus

252 2208 381 2270 florenis
405 2208 531 2271 debitor
554 2228 619 2269 non
645 2206 713 2271 luit.

355 2316 433 2378 ltem
464 2315 552 2397 quod
585 2315 659 2396 quia
692 2315 901 2377 commissarii
933 2335 989 2377 seu
1025 2330 1210 2377 executores
1240 2314 1421 2376 testamenti
1447 2313 1510 2375 filie

251 2423 380 2505 lieynar
397 2420 605 2502 undiquaque
622 2421 822 2500 sciscitand0‚
841 2420 1038 2503 Stephanum
1052 2420 1154 2482 lilium
1173 2421 1299 2482 Milrech
1316 2421 1348 2481 in
1370 2420 1511 2502 quadam

248 2527 451 2590 fideiussione
476 2527 605 2608 triginta
631 2526 827 2588 florenorum
852 2528 958 2588 minus
983 2527 1109 2588 duobus
1141 2527 1346 2588 innocentem
1371 2526 1509 2609 reperie-

253 2649 335 2713 runt,
360 2634 433 2695 ideo
459 2634 563 2716 ipsum
587 2653 682 2715 super
706 2634 788 2695 dicta
822 2633 1026 2695 fideiussione
1059 2633 1288 2695 commiserunt
1313 2633 1508 2715 expeditum.

357 2740 435 2802 ltem
461 2740 616 2802 Martinus
641 2740 786 2803 Zelririch
812 2741 942 2802 domine
968 2741 1109 2802 consorti
1136 2739 1290 2801 lohannis
1315 2739 1411 2801 Liber
1435 2739 1514 2799 duas

251 2867 373 2909 marcas
397 2866 456 2930 pro
480 2848 639 2929 vituperio
665 2867 765 2929 usque
790 2847 970 2929 quindenas
995 2845 1119 2909 solvere
1145 2846 1251 2908 debet.

303 3064 399 3140 lesia
427 3074 526 3139 serta
554 3071 708 3157 proxima
737 3077 814 3157 post
842 3069 961 3141 festum
990 3069 1166 3140 beatorum
1195 3068 1286 3138 Petri
1316 3074 1349 3139 et
1378 3066 1473 3139 Pauli

733 3251 734 3254 .
763 3193 1001 3282 apostolorum.

801 3346 844 3423 (3.
860 3344 961 3423 julii).

357 3484 435 3546 ltem
459 3484 621 3546 lohannes
645 3484 769 3547 Samlar
801 3498 910 3547 contra
937 3485 1131 3568 Gregorium
1155 3498 1309 3548 sartorem
1342 3485 1447 3568 primo
1472 3484 1515 3546 ci-

252 3603 335 3652 tatus
358 3611 422 3652 non
447 3591 636 3673 comparuit.

356 3698 435 3760 ltem
471 3697 602 3780 Mathey
637 3697 778 3760 salivena
814 3711 924 3760 contra
960 3698 1131 3760 Nicolaum
1167 3699 1273 3781 primo
1304 3698 1416 3760 citatus
1448 3717 1513 3759 non

251 3803 441 3886 comparuit.

359 3910 435 3971 ltem
461 3929 554 3970 causa
580 3909 735 3971 iohannis
757 3908 909 3971 aurifabri
942 3923 1051 3972 contra
1077 3910 1288 3974 Benedictum
1322 3911 1450 3971 Mezara
1475 3908 1516 3970 ad

252 4029 402 4078 octavum
426 4015 512 4077 diem
537 4015 576 4076 ad
601 4034 713 4099 pacem
738 4028 784 4077 est
807 4029 944 4098 recepta.

360 4121 439 4183 ltem
465 4121 643 4183 Hanslinus
666 4134 755 4183 sutor
778 4136 892 4183 octavo
916 4122 967 4183 die
992 4143 1048 4205 per
1072 4122 1220 4184 dominas
1245 4135 1408 4184 consortes
1424 4120 1516 4182 Pauli

254 4225 345 4306 fabri,
369 4227 528 4289 Anthonii
553 4227 670 4289 sutoris
693 4227 754 4290 hoc
778 4229 934 4306 atestabit,
959 4229 1047 4310 quod
1072 4243 1251 4290 consortem
1276 4247 1367 4289 suam
1392 4228 1516 4308 Marga-

252 4345 318 4394 reta
342 4332 458 4394 mulier
481 4333 590 4394 relicta
615 4333 711 4394 Blasii
736 4334 954 4416 vituperasset.

358 4439 437 4500 ltem
463 4458 556 4500 causa
581 4439 726 4501 mulieris
749 4444 843 4503 Anne
861 4453 970 4503 contra
996 4439 1175 4520 Georgium
1199 4440 1239 4502 ad
1263 4453 1412 4501 octavum
1429 4439 1516 4501 diem

255 4543 295 4605 ad
320 4564 431 4627 pacem
456 4558 503 4606 est
527 4557 664 4627 recepta.

359 4651 437 4712 ltem
462 4650 601 4711 Brumen
627 4649 787 4713 aurifaber
811 4665 922 4714 contra
946 4652 1162 4715 Laurencium
1186 4652 1292 4734 primo
1316 4651 1430 4714 citatus
1450 4670 1516 4713 non

254 4756 443 4838 comparuit.
