3472 5234
256 377 313 436 142
642 361 728 417 Anno
751 355 843 435 1378.
867 393 912 403 -
935 356 965 420 ό.
990 360 1118 433 augusti.

355 568 433 630 Item
459 570 599 631 Brumen
624 583 733 631 contra
751 570 959 632 Dominicum
978 570 1083 651 primo
1108 569 1221 632 citatus
1242 590 1308 632 non
1326 572 1516 653 comparuit.

355 675 433 737 Item
460 674 581 736 Mathia
605 689 694 737 sutor
725 690 835 738 contra
861 676 1052 738 Merclinum
1081 689 1196 737 octavo
1220 675 1274 738 die
1299 677 1515 759 respondebit.

356 781 433 842 Item
467 781 629 842 iohannes
662 781 778 843 Lieber
809 795 918 843 contra
952 782 1128 843 Renarium
1159 781 1264 864 primo
1304 783 1417 844 citatus
1450 802 1516 844 non

249 889 440 969 comparuit.

355 994 432 1055 item
458 1013 551 1055 causa
571 994 740 1055 Laurencii
758 1007 790 1055 et
807 993 897 1055 Hans
921 1007 966 1055 est
991 1013 1048 1075 per
1064 994 1257 1055 Mauricium
1281 1005 1312 1056 et
1337 993 1517 1075 Georgium

248 1112 403 1161 sartorem
428 1099 468 1159 ad
492 1112 566 1160 octo
591 1098 659 1160 dies
682 1112 809 1180 recepta
834 1098 874 1159 ad
896 1118 1019 1180 pacem.

354 1205 432 1266 Item
458 1223 551 1266 causa
577 1204 731 1286 Stephani
756 1204 814 1266 filii
831 1203 965 1286 Chopor
989 1219 1020 1266 et
1036 1205 1162 1266 Nicolai
1186 1204 1244 1266 filii
1269 1203 1443 1266 Alexandri
1471 1216 1518 1266 est

248 1331 305 1394 per
330 1311 595 1373 communitatem
621 1310 661 1372 ad
688 1309 870 1391 quindenas
900 1324 1071 1391 prorogata
1100 1312 1142 1372 ob
1175 1311 1332 1372 maiorem
1355 1311 1400 1371 rei
1425 1309 1516 1371 certi-

248 1418 406 1480 tudinem.

354 1523 432 1585 item
457 1542 551 1584 causa
576 1522 754 1584 Clementis
778 1535 809 1584 et
834 1521 966 1604 Georgii
991 1536 1101 1583 contra
1118 1522 1285 1584 Vrbanum
1311 1535 1342 1583 et
1365 1519 1514 1602 Zitarych

249 1643 295 1690 est
319 1649 376 1711 per
400 1629 573 1690 Marenum
598 1628 638 1689 ad
662 1642 735 1689 octo
760 1628 828 1689 dies
851 1642 977 1709 recepta
1001 1628 1041 1689 ad
1067 1647 1188 1710 pacem.

356 1735 435 1795 item
461 1754 555 1795 causa
581 1733 737 1814 Orgouan
762 1748 793 1794 et
810 1732 989 1795 Clementis
1013 1748 1059 1795 est
1082 1747 1154 1814 post
1179 1733 1353 1798 adventum
1380 1731 1517 1814 Mykech

248 1841 402 1902 institoris
426 1841 465 1901 de
488 1841 622 1902 Petouia
647 1839 687 1901 ad
712 1841 852 1921 primum
877 1839 1032 1919 judicium
1055 1853 1236 1922 prorogata.

355 1947 433 2007 item
459 1966 552 2007 causa
575 1946 651 2008 Iuan
677 1960 707 2007 et
731 1944 928 2007 Wlkouiche
953 1960 999 2006 est
1022 1965 1079 2026 per
1102 1958 1197 2007 testes
1221 1944 1260 2006 ad
1286 1959 1360 2006 octo
1385 1944 1452 2005 dies
1467 1963 1516 2005 re-

249 2066 340 2134 cepta
363 2052 406 2113 ‘ad
430 2071 553 2133 pacem.

356 2158 435 2219 item
460 2177 553 2219 causa
578 2157 663 2219 Petri
696 2170 727 2218 et
758 2157 896 2218 Emerici
929 2170 976 2218 est
1003 2177 1059 2238 per
1090 2158 1182 2218 Mark
1207 2156 1247 2217 ad
1271 2169 1344 2217 octo
1369 2155 1438 2216 dies
1468 2174 1516 2216 re-

250 2278 341 2347 cepta
366 2265 406 2325 ad
429 2283 552 2346 pacem.

354 2370 432 2432 Item
457 2370 596 2431 Martink
626 2382 735 2430 contra
760 2368 972 2430 Benedictum
1004 2382 1146 2429 sutorem
1167 2368 1272 2450 primo
1302 2367 1416 2428 citatus
1449 2385 1514 2427 non

250 2477 439 2558 comparuit.

354 2583 433 2644 Item
458 2602 552 2643 causa
577 2580 732 2644 Johannis
755 2580 894 2642 Vardich
928 2593 975 2642 est
1005 2599 1062 2662 per
1086 2580 1225 2660 iudicem
1258 2593 1389 2661 propter
1421 2599 1513 2641 suam

249 2687 442 2751 arduitatem
466 2688 506 2749 ad
531 2702 604 2750 octo
630 2689 698 2748 dies
720 2701 803 2749 statu
829 2689 861 2748 in
886 2687 1001 2748 eodem
1026 2699 1206 2767 prorogata.

354 2793 433 2856 Item
465 2814 559 2855 causa
591 2794 745 2854 Johannis
770 2794 884 2855 Lieber
915 2807 945 2854 et
963 2792 1108 2854 Mauricii
1141 2805 1187 2852 est
1218 2811 1275 2873 per
1299 2791 1515 2853 Laurencium

251 2900 413 2962 Gallicum
439 2900 478 2960 ad
503 2914 576 2960 octo
602 2900 670 2961 dies
693 2913 819 2982 recepta
843 2900 882 2960 ad
906 2918 1029 2981 pacem.

355 3006 433 3067 Item
460 3006 529 3066 Kus
553 3006 593 3067 de
617 3006 769 3066 Pobresia
787 3021 895 3067 contra
920 3006 1025 3066 Eliam
1046 3004 1178 3085 vigilem
1195 3005 1301 3087 primo
1325 3004 1425 3065 ciatus
1449 3023 1514 3065 non

247 3112 437 3192 comparuit.

355 3216 432 3277 item
452 3217 591 3277 Brumen
611 3215 771 3277 aurifaber
789 3216 883 3278 debet
907 3217 1115 3278 Dominicum
1133 3217 1229 3278 citare
1247 3235 1297 3292 e0‚
1321 3215 1410 3297 quod
1426 3215 1514 3276 idem

247 3322 438 3382 Dominicus
462 3321 501 3381 ad
519 3321 707 3382 mandatum
732 3321 846 3401 judicis
864 3342 928 3383 non
953 3322 1132 3404 comparuit
1149 3335 1180 3383 et
1205 3321 1321 3382 falsum
1340 3321 1513 3397 terminum

247 3427 344 3488 astitit
366 3440 473 3488 contra
500 3427 639 3488 eundem
665 3428 804 3515 Brumen
834 3427 1043 3491 aurifabrum.

354 3534 431 3594 item
456 3533 571 3593 ancilla
596 3532 666 3593 Elie
691 3532 843 3595 aurifabri
873 3548 987 3595 octavo
1020 3535 1071 3595 die
1094 3554 1150 3615 per
1176 3532 1370 3595 Mafnicham
1398 3548 1428 3594 et
1453 3534 1513 3594 La·

247 3638 339 3699 dislai
364 3659 496 3699 uxorem
513 3639 659 3699 atestabit
675 3659 770 3719 super
788 3659 837 3717 eo,
856 3627 945 3720 quod
965 3639 1130 3721 quoddam
1148 3654 1318 3720 argentum
1343 3659 1399 3720 per
1423 3658 1513 3700 man-

247 3743 357 3803 datum
382 3744 481 3824 ipsius
505 3744 576 3803 Elie
602 3744 728 3824 pignori
754 3745 937 3825 obligasset.

354 3850 431 3910 item
456 3870 549 3910 causa
576 3850 750 3932 Mychaelis
775 3865 805 3911 et
829 3850 919 3912 Hans
943 3863 989 3912 est
1013 3870 1069 3931 per
1091 3864 1188 3912 testes
1216 3851 1256 3911 ad
1281 3865 1353 3912 octo
1380 3851 1448 3912 dies
1465 3871 1513 3912 re·

247 3968 337 4035 cepta
362 3956 402 4015 ad
425 3975 535 4036 pacem

353 4061 429 4121 item
456 4061 544 4121 Jeika
569 4081 626 4142 per
650 4067 777 4123 Annam
795 4064 948 4144 puellam,
973 4063 1115 4124 Blasium
1133 4065 1368 4125 mercenarium
1387 4064 1511 4142 Jacobi,

249 4186 381 4227 uxorem
407 4168 530 4250 Angeli‚
562 4168 707 4246 Elenam‚
732 4169 866 4230 luanum
892 4168 1112 4231 Chidauchich
1137 4184 1250 4230 octavo
1276 4169 1328 4231 die
1355 4169 1512 4250 (testimo-

249 4273 340 4333 nium
364 4273 542 4354 producet).

355 4378 432 4438 item
457 4379 625 4441 Ladislaus
653 4401 709 4460 per
741 4380 918 4461 Georgium
953 4381 1135 4460 Mikouche‚
1169 4381 1347 4461 Georgium
1373 4382 1513 4459 Zirotke,

248 4481 352 4541 Eliam
378 4482 586 4561 aurifabrum,
619 4485 796 4566 Georgium
828 4506 983 4566 generum
1014 4486 1222 4563 Wlkouiehe‚
1255 4487 1384 4547 Petrum
1411 4487 1513 4548 carni·

247 4585 350 4664 ficem,
375 4588 602 4669 Dragoziaum,
628 4591 807 4653 Johannem
825 4591 954 4653 fratrem
979 4593 1075 4670 Petri,
1100 4612 1234 4654 uxorem
1259 4592 1434 4671 Bartuchii,
1452 4593 1512 4654 Be-

247 4691 410 4754 nedictum
436 4695 626 4775 carnificem,
652 4697 789 4757 Paulum
814 4697 955 4776 Punech‚
979 4699 1139 4760 Janchech
1164 4697 1362 4760 aurifabrum
1387 4712 1417 4760 et
1434 4718 1512 4760 uxo-

247 4815 315 4857 rem
340 4798 408 4859 eius
432 4799 665 4878 (testimonium
689 4801 866 4884 producet).
