3472 5234
196 332 255 394 188
567 330 768 411 Anno1383.
792 368 833 378 -
858 346 907 411 27.
924 336 1085 410 februarii.

298 545 377 608 Item
412 546 530 607 Paulus
554 544 716 607 aurifaber
747 559 857 607 contra
889 545 1053 607 Thomam
1085 545 1322 628 carpentarium
1353 545 1458 627 primo

191 651 306 712 citatus
330 670 396 712 non
424 651 615 733 comparuit.

299 758 378 820 Item
403 757 549 820 Thomas
573 758 790 841 carpentarius
821 772 931 819 contra
955 758 1136 819 Fabianum
1166 757 1329 819 literatum
1353 756 1459 837 primo

191 863 305 924 citatus
329 883 395 925 non
424 864 614 944 comparuit.

300 970 378 1031 Item
402 969 490 1031 idem
514 969 660 1031 Thomas
676 983 787 1031 contra
804 969 1003 1052 Stephanum
1025 969 1193 1032 Crisozlau
1216 970 1322 1052 primo
1346 969 1460 1031 citatus

191 1093 257 1136 non
282 1075 476 1158 comparuit.

299 1181 378 1243 Item
402 1179 551 1263 Mychael
581 1180 780 1242 stacunariua
811 1193 921 1242 contra
955 1179 1136 1242 Johannem
1166 1177 1270 1241 filium
1303 1180 1459 1242 Hermani

190 1286 297 1368 primo
327 1286 441 1348 citatus
464 1304 531 1347 non
555 1285 745 1368 comparuit.

298 1411 376 1473 Item
410 1409 608 1473 Laurentius
639 1423 729 1472 sutor
759 1423 870 1472 contra
894 1409 1075 1471 Johannem
1106 1423 1250 1471 sutorem
1272 1409 1379 1491 primo
1415 1408 1459 1469 ci·

191 1530 275 1578 tatus
298 1535 366 1578 non
390 1515 582 1598 comparuit.

297 1622 376 1683 Item
399 1621 590 1683 Dominicus
613 1634 723 1682 contra
756 1620 892 1683 Elenam
924 1621 1096 1683 mulierem
1119 1620 1224 1704 primo
1253 1622 1366 1683 citatus
1389 1641 1456 1682 non

191 1728 383 1810 comparuit.

295 1834 375 1897 Item
399 1833 552 1895 Nicolaus
574 1832 679 1914 Cigan
710 1845 822 1895 contra
846 1832 976 1894 Petrum
1009 1845 1164 1894 sartorem
1196 1847 1311 1895 octavo
1334 1832 1386 1893 die
1411 1851 1459 1894 re·

191 1940 375 2023 spondebit.

296 2047 376 2108 item
411 2045 527 2107 Paulas
562 2058 673 2106 contra
709 2043 904 2126 Gregorium
940 2044 1059 2125 Angeli
1094 2044 1200 2126 primo
1240 2044 1353 2106 citatus
1392 2062 1458 2105 non

192 2152 385 2234 comparuit.

298 2257 377 2318 item
396 2275 488 2318 causa
514 2256 633 2319 Cosme
658 2254 812 2318 aurifabri
836 2269 867 2317 et
888 2255 1004 2317 Paulas
1028 2269 1138 2317 contra
1162 2255 1334 2316 Nicolaum
1357 2252 1459 2316 carni·

191 2361 284 2425 ficem
309 2377 341 2426 et
366 2361 545 2444 Georgium
569 2363 610 2424 ad
633 2376 784 2424 octavum
808 2360 896 2423 diem
920 2361 961 2423 ad
984 2381 1098 2444 pacem
1122 2374 1170 2423 est
1192 2373 1330 2442 recepta.

298 2487 375 2548 Item
400 2488 516 2570 Mykus
541 2486 741 2549 Cimichicha
774 2500 884 2549 contra
917 2488 1075 2549 Jacobum
1099 2487 1177 2548 Bole
1209 2485 1314 2568 primo
1346 2485 1459 2547 citatus

191 2613 257 2655 non
282 2594 472 2676 comparuit.

297 2699 376 2762 item
394 2699 556 2761 Johannes
573 2698 658 2761 filius
674 2698 830 2761 iohannis
847 2712 956 2760 contra
974 2699 1134 2760 Briccium
1150 2697 1336 2780 selliparum
1353 2697 1458 2779 primo

190 2806 304 2867 citatus
327 2825 393 2868 non
422 2807 613 2888 comparuit.

296 2913 374 2974 item
407 2913 519 2973 Petrus
543 2910 682 2973 famulus
704 2911 862 2994 Delasych
886 2925 997 2972 contra
1020 2910 1200 2973 Johannem
1224 2909 1329 2971 filium
1346 2909 1458 2970 Jacobi

190 3018 294 3099 primo
318 3018 431 3079 citatus
455 3036 520 3079 non
546 3018 735 3100 comparuit.

297 3122 375 3185 Item
400 3122 562 3184 Johannes
595 3123 708 3184 Plazar
740 3135 850 3183 contra
882 3121 991 3183 Endre
1025 3122 1091 3203 Syb
1115 3121 1221 3204 primo
1254 3121 1368 3181 citatus
1392 3138 1458 3180 non

191 3230 381 3311 comparuit.

296 3336 374 3396 item
393 3354 486 3397 causa
511 3335 602 3396 Pauli
620 3334 737 3396 literati
761 3349 870 3396 contra
892 3335 1037 3395 Maricam
1055 3334 1225 3396 mulierem
1250 3332 1290 3394 ad
1308 3346 1457 3394 octavum

189 3440 276 3501 diem
302 3440 341 3501 ad
366 3460 478 3522 pacem
504 3454 550 3501 est
573 3454 709 3522 recepta.

367 3674 464 3748 feria
492 3684 591 3748 sexta
619 3679 776 3765 proxima
804 3687 882 3749 ante
911 3679 1113 3749 dominicam
1142 3677 1270 3750 Letare.

700 3848 765 3929 (27·
781 3852 955 3926 februario.

296 4005 373 4068 ltem
398 4007 506 4069 Endre
539 4008 604 4091 Syb
636 4023 746 4071 contra
777 4009 938 4071 Janchech
971 4008 1170 4070 aurifabrum
1202 4008 1307 4090 primo
1341 4007 1456 4068 citatus

190 4132 254 4173 non
280 4114 472 4194 comparuit.

295 4219 373 4280 item
399 4219 566 4281 Ladislaus
589 4220 673 4282 ruiar
696 4236 804 4283 contra
822 4222 982 4283 Briccium
1000 4222 1185 4303 selliparum
1211 4221 1317 4303 primo
1341 4220 1455 4286 citatus

191 4345 255 4385 non
281 4327 471 4406 comparuit.

297 4432 374 4493 item
400 4432 544 4494 Thomas
567 4432 651 4494 filius
668 4434 823 4495 Johannis
840 4447 947 4496 contra
966 4434 1126 4496 Briccium
1150 4433 1288 4494 eundem
1313 4432 1455 4494 secundo

191 4537 305 4599 citatus
328 4556 395 4598 non
420 4540 610 4621 comparuit.

296 4661 374 4722 Item
389 4662 570 4745 Stephanus
584 4663 752 4746 Chaplych
770 4677 881 4725 contra
898 4663 1061 4725 Thomam
1084 4663 1188 4725 filium
1202 4663 1334 4725 Henrici
1350 4665 1455 4746 primo

189 4767 303 4829 citatus
332 4786 397 4829 non
422 4769 611 4851 comparuit.
