3472 5234
264 366 329 428 334
647 349 733 406 Anno
757 362 847 425 1390.
871 384 914 393 —
937 363 988 424 29.
1005 351 1155 425 januarii.

263 558 366 621 dictus
390 559 502 621 Petrus
525 559 641 641 longus
664 560 697 621 id
721 561 816 623 sociis
839 561 905 623 suis
929 579 994 620 non
1019 558 1195 622 notificavit
1218 562 1306 641 quod
1333 562 1457 623 Blasius
1483 562 1523 623 de

264 664 348 727 Gara
373 665 404 727 in
430 686 486 727 sua
511 667 692 727 reversione
709 666 771 727 huc
795 667 894 728 nostri
912 667 947 728 in
971 665 1080 726 medio
1097 679 1227 727 venerat
1245 681 1275 727 et
1292 668 1331 729 ab
1356 666 1432 749 ipsis
1448 682 1522 728 octo

262 770 368 832 minus
400 771 508 833 medio
540 771 663 834 floreno
695 772 762 834 auri
795 785 1065 854 superreceperat,
1097 771 1171 833 ideo
1197 772 1254 853 ipsi
1287 773 1367 834 socii
1392 774 1441 834 sui
1466 773 1527 854 ipsi

261 877 356 939 Petro
380 877 492 958 viginti
517 877 586 939 flor.
611 878 686 941 dare
714 880 918 956 tenebuntur,
942 892 973 940 et
989 878 1143 939 terminus
1167 877 1310 960 ipsorum
1328 891 1402 940 octo
1419 879 1527 940 minus

264 983 372 1045 medio
398 983 464 1047 flor.
489 985 556 1045 auri
582 984 704 1066 positus
721 998 767 1047 est
791 1004 891 1066 usque
909 983 1024 1046 festum
1042 985 1140 1045 sancti
1166 984 1248 1065 regis
1266 985 1418 1067 Stephani
1436 1005 1523 1047 nunc

263 1089 448 1169 affuturum,
472 1091 515 1152 ita
546 1103 671 1170 tamen,
699 1091 836 1173 quodsi
869 1091 929 1173 ipsi
961 1091 1039 1152 socii
1064 1092 1111 1152 sui
1137 1112 1154 1153 a
1179 1091 1264 1153 dicto
1297 1092 1405 1154 Blasio
1437 1091 1522 1174 ipsos

263 1210 336 1259 octo
361 1196 430 1262 flor.
455 1198 534 1277 auri,
559 1217 642 1280 quos
665 1198 825 1280 superflue
856 1198 976 1282 recepit
1007 1196 1158 1259 rehabere
1189 1198 1339 1280 poterint,
1363 1211 1438 1259 tunc
1463 1199 1522 1280 ipsi

262 1303 356 1364 Petro
373 1323 427 1364 sex
451 1302 519 1368 flor.
534 1303 602 1366 auri
628 1304 702 1365 dare
720 1304 855 1380 debent;
872 1304 896 1365 si
916 1323 992 1365 vero
1009 1305 1095 1386 ipsos
1112 1317 1186 1366 octo
1203 1305 1309 1365 minus
1326 1304 1434 1366 medio
1451 1303 1524 1365 flor.

261 1410 329 1471 auri
354 1410 393 1471 de
418 1410 488 1492 ipso
513 1410 620 1472 Blasio
639 1411 677 1471 de
703 1409 787 1473 Gara
812 1409 963 1472 rehabere
980 1430 1045 1472 non
1067 1411 1218 1492 poterint,
1243 1425 1318 1472 tunc
1342 1411 1402 1493 ipsi
1428 1411 1523 1473 Petro

261 1528 323 1577 tres
347 1516 428 1595 lion,
452 1517 511 1599 ipsi
536 1517 657 1579 scilicet
681 1517 829 1579 Delasich
854 1530 885 1578 et
909 1517 1033 1578 Blasius
1057 1515 1309 1579 Chestnikouich
1335 1517 1411 1578 dare
1436 1530 1524 1578 tene-

263 1624 392 1701 buntur,
416 1643 512 1705 super
535 1624 636 1685 tribus
660 1643 736 1685 vero
760 1622 829 1685 flor.
855 1624 922 1684 auri
955 1623 1022 1705 ipse
1047 1623 1158 1685 Petrus
1182 1642 1254 1685 curn
1279 1623 1410 1685 Vrbano
1435 1623 1524 1685 socio

260 1742 342 1791 stare
367 1729 472 1791 debet.

368 1836 445 1898 ltem
471 1856 563 1898 causa
597 1836 677 1898 Pero
710 1835 815 1898 Gallie
847 1855 904 1918 per
928 1835 1048 1915 juratos
1078 1837 1122 1898 sic
1146 1849 1192 1898 est
1223 1835 1403 1917 adjudicata
1428 1855 1523 1918 super

262 1942 403 2022 quodam
428 1955 571 2023 argent0,
596 1942 683 2024 quod
701 1942 786 2003 idem
812 1942 893 2003 Pero
910 1941 988 2003 feria
1012 1956 1098 2005 sexta
1123 1961 1207 2003 nunc
1220 1954 1352 2003 ventura
1377 1940 1520 2003 secundo

261 2068 294 2109 se
318 2047 455 2127 jurabit,
488 2048 575 2129 quod
608 2048 675 2129 ipse
707 2048 848 2129 quodam
879 2061 1046 2129 argentum
1073 2049 1193 2109 Jacobo
1225 2048 1311 2108 dicto
1343 2047 1448 2129 Figuli
1482 2046 1520 2107 de

264 2153 420 2215 Petouina
452 2174 517 2215 non
550 2153 589 2215 ad
622 2153 764 2215 medium
798 2154 852 2215 sed
877 2154 1074 2236 integraliter
1105 2153 1210 2216 eidem
1244 2153 1442 2214 vendidisset
1467 2152 1523 2213 sed

263 2258 342 2321 facie
367 2260 407 2321 ad
433 2258 545 2322 faciem
571 2259 766 2322 vendidisset
794 2259 899 2322 eidem
925 2261 1056 2322 Jacobo.
