3472 5234
213 309 275 392 238
617 307 815 387 Ann01385.
843 344 887 354 -
909 306 960 371 [ό.
977 311 1070 386 junia

318 521 397 583 Item
421 540 515 583 causa
539 520 674 583 Fabiani
698 535 808 582 contra
836 520 1015 582 Iohannem
1040 521 1229 605 Bozoulych
1261 522 1300 583 ad
1326 534 1476 584 octavum

213 628 299 690 diem
324 626 364 689 ad
389 645 501 709 pacem
525 640 572 687 est
600 639 738 708 recepta.

319 733 396 794 Item
421 732 614 795 Benedictus
637 746 726 793 sutor
742 731 950 814 prescriptum
969 752 1063 795 suum
1080 732 1296 813 juramentum
1321 754 1394 796 cum
1412 734 1477 795 suis

212 838 469 919 conjuratoribus
493 858 588 920 super
611 856 661 916 eo,
685 837 774 919 quod
798 839 865 920 ipse
890 839 923 900 in
940 839 1193 921 interempcione
1218 839 1385 901 cuiusdam
1404 859 1473 901 mu·

211 945 299 1008 Ileris
324 946 479 1008 innocens
503 944 554 1023 sit,
578 943 763 1027 (deposuit).

318 1051 396 1113 Item
422 1071 516 1113 causa
548 1051 679 1113 domine
715 1052 792 1113 Ewe
826 1064 936 1112 contra
967 1051 1134 1113 dominam
1165 1053 1308 1114 relictam
1334 1052 1414 1134 Elye
1446 1064 1477 1113 et

212 1155 367 1219 Cosmam
391 1156 430 1218 ad
455 1171 605 1219 octavum
630 1157 716 1219 diem
741 1156 781 1218 ad
805 1176 918 1240 pacem
942 1170 989 1218 est
1012 1171 1147 1240 recepta.

318 1263 395 1325 Item
421 1283 515 1326 causa
540 1263 665 1326 Nicolai
690 1263 805 1346 judicis
829 1278 939 1325 contra
957 1266 1126 1327 Marenum
1151 1265 1191 1326 ad
1216 1279 1366 1328 octavum
1390 1263 1476 1325 diem

212 1369 251 1431 ad
277 1389 389 1450 pacem
414 1382 461 1430 est
484 1382 620 1451 recepta.

319 1475 397 1536 Item
422 1475 556 1537 domina
581 1475 708 1558 Iwanya
732 1489 847 1537 octavo
872 1475 923 1537 die
940 1496 997 1559 per
1021 1476 1106 1538 Iwan
1130 1475 1269 1557 juratum
1288 1490 1319 1539 et
1337 1476 1476 1539 Mezeria

212 1582 274 1644 hoc
298 1582 454 1660 atestabit,
487 1580 575 1663 quod
608 1581 668 1643 sibi
701 1581 847 1643 Thomas
878 1581 1018 1644 sedecim
1054 1583 1161 1664 pensis
1190 1582 1397 1644 denarIorum
1421 1581 1475 1642 de-

214 1688 298 1750 bitor
322 1687 414 1750 foret.

317 1794 395 1855 Item
418 1812 476 1875 pro
501 1793 571 1854 aliis
595 1791 685 1854 Iactis
703 1792 846 1854 eiusdem
871 1793 1002 1855 domine
1020 1791 1138 1876 (causa)
1163 1792 1202 1855 ad
1221 1807 1371 1855 octavum
1388 1792 1475 1854 dlem

212 1912 259 1962 est
282 1912 464 1982 prorogata.

309 1992 398 2067 Item
422 2024 516 2066 causa
541 2004 626 2066 Iwan
643 2004 736 2086 jurati
758 2019 867 2067 contra
887 2005 1067 2067 Dionisium
1091 2004 1131 2066 ad
1156 2019 1306 2067 octavum
1331 2003 1418 2066 diem
1435 2002 1475 2065 ad

212 2130 324 2194 pacem
349 2124 395 2173 est
418 2124 554 2192 recepta.

317 2215 396 2277 ltem
420 2215 520 2278 Vorih
544 2228 575 2276 et
599 2215 763 2298 Myklinus
794 2216 920 2278 Institor
951 2229 1059 2278 contra
1084 2217 1167 2277 Rees
1198 2231 1311 2278 octavo
1343 2215 1396 2277 die
1428 2234 1475 2276 re-

212 2321 429 2404 spondebunt.

317 2427 396 2490 Item
426 2428 541 2510 Jaklyn
571 2427 732 2509 gladiator
763 2441 872 2488 contra
905 2426 1059 2489 Mathiam
1090 2427 1302 2508 gladiatorem
1333 2426 1475 2488 secundo

212 2534 325 2596 citatus
349 2553 414 2596 non
439 2533 630 2616 comparuit.

317 2639 395 2700 Item
413 2639 570 2722 Scitarigh
588 2652 698 2702 contra
715 2638 895 2700 Johannem
913 2637 1054 2700 secundo
1072 2639 1184 2700 citatus
1201 2657 1265 2699 non
1284 2639 1474 2720 comparuit.

317 2746 396 2808 Item
418 2746 555 2829 Mykech
580 2759 669 2808 sutor
685 2758 795 2808 contra
820 2745 976 2807 Jacobum
1001 2744 1080 2806 Bole
1104 2744 1246 2805 secundo
1271 2744 1384 2806 citatus
1408 2764 1473 2806 non

211 2852 400 2934 comparuit.

316 2957 394 3019 Item
427 2957 589 3020 Johannes
620 2957 836 3040 carpentarius
868 2969 978 3019 contra
1009 2956 1149 3018 eundem
1181 2956 1337 3017 Jacobum
1368 2955 1474 3036 primo

212 3063 325 3125 citatus
349 3083 414 3125 non
439 3065 628 3144 comparuit.

317 3169 395 3231 Item
427 3169 552 3230 Blasius
577 3167 666 3229 Iaber
689 3180 798 3229 contra
824 3168 921 3228 Vasas
938 3168 1043 3249 primo
1068 3168 1181 3228 citatus
1198 3186 1263 3228 non
1283 3167 1473 3249 comparuit.

317 3275 394 3336 Item
412 3274 576 3354 Jurglinus
593 3273 721 3355 piliator
743 3287 851 3334 contra
870 3272 1085 3333 Laurencium
1102 3272 1244 3334 secundo
1269 3273 1382 3335 citatus
1408 3291 1472 3333 non

212 3380 401 3464 comparuit.

318 3486 396 3546 Item
420 3485 604 3545 Hermanus
628 3496 738 3545 contra
763 3483 976 3544 Laurencium
1000 3483 1142 3545 secundo
1160 3485 1272 3545 citatus
1297 3503 1361 3545 non
1387 3503 1474 3546 com·

213 3592 329 3675 paruit.

316 3696 394 3758 Item
421 3694 597 3775 Gregorius
621 3693 704 3755 lilius
729 3694 833 3756 Tadei
858 3708 968 3757 contra
1002 3696 1117 3756 Katam
1142 3696 1247 3777 prImo
1272 3695 1384 3756 citatus
1408 3714 1473 3756 non

212 3803 401 3883 comparuit.

317 3907 393 3968 Item
412 3905 537 3967 Maleeh
554 3919 668 3966 octavo
689 3905 740 3966 die
758 3926 813 3988 per
830 3906 1043 3990 chhycham
1061 3920 1092 3968 et
1108 3906 1259 3967 Iwaniam
1277 3908 1472 3988 penestIcam

210 4014 271 4076 hoc
295 4013 452 4090 atestabit,
476 4011 564 4093 quod
601 4011 739 4093 quedam
768 4032 892 4094 zapona
925 4034 981 4074 sua
1006 4013 1091 4096 apud
1126 4012 1292 4074 dominam
1328 4013 1472 4075 relictam

211 4118 340 4179 Andree
365 4118 486 4178 existat.

316 4222 394 4284 Item
419 4221 594 4302 Gregorius
619 4238 726 4285 contra
745 4224 853 4286 Bartol
878 4225 982 4306 prImo
1009 4225 1121 4286 citatus
1145 4244 1209 4284 non
1235 4227 1426 4306 comparuit.

317 4328 395 4389 Item
420 4328 566 4390 Thomas
583 4343 613 4391 et
630 4350 686 4391 sua
711 4331 826 4391 ancilla
843 4345 953 4391 contra
971 4330 1135 4392 dominam
1154 4345 1335 4391 consortem
1353 4332 1473 4394 Mathie

210 4432 315 4514 primo
346 4433 431 4495 citati
456 4453 522 4495 non
549 4449 807 4516 comparuerunt.

318 4537 395 4599 Item
428 4538 580 4602 Clemens
614 4555 723 4603 contra
758 4540 897 4603 eundem
934 4541 1088 4602 Mathiam
1119 4542 1224 4623 prImo
1264 4543 1376 4603 citatus
1407 4562 1474 4604 non

212 4644 401 4724 comparuit.

317 4749 394 4812 Item
420 4750 610 4814 Valentinus
634 4764 744 4815 contra
768 4752 902 4835 Jursych
926 4753 1031 4835 prImo
1056 4753 1169 4815 citatus
1193 4773 1259 4815 non
1283 4754 1472 4836 comparuit.
