3472 5234
636 319 722 376 Anno
745 315 837 395 1382.
864 353 905 362 -
922 333 978 395 30.
1003 321 1083 379 maii.
1437 339 1493 402 175

339 528 418 589 Item
453 528 614 610 Georgius
649 529 833 612 Blanchych
874 543 983 592 contra
1027 530 1170 591 Marcum
1215 530 1318 592 filium
1358 531 1497 614 Mykech

231 633 337 715 primo
361 634 476 695 citatus
500 653 565 695 non
590 636 780 716 comparuit.

336 739 415 802 Item
440 740 633 802 Benedictus
657 740 797 803 carnifex
822 740 986 824 Scornych
1014 755 1124 802 contra
1150 739 1328 822 Georgium
1353 743 1497 804 secundo

230 847 345 908 citatus
367 866 433 907 non
462 846 651 927 comparuit.

336 951 413 1013 Item
436 950 597 1032 Georgius
623 951 760 1014 Sidonio
785 968 894 1015 contra
916 953 1035 1033 Stepan
1060 953 1165 1034 primo
1183 953 1297 1015 citatus
1319 973 1384 1015 non
1409 973 1496 1015 com-

229 1057 346 1139 paruit.

336 1164 413 1226 Item
440 1163 568 1227 Gerdalc
593 1178 702 1227 contra
726 1165 875 1226 abbatem
899 1164 1043 1226 secundo
1068 1165 1182 1226 citatus
1214 1184 1278 1226 non
1304 1165 1495 1247 comparuit.

341 1270 419 1332 Item
444 1291 537 1332 causa
570 1271 708 1333 Emerici
741 1270 903 1351 arcuparis
934 1284 1043 1332 contra
1075 1269 1182 1331 Endre
1214 1269 1350 1351 figulum
1372 1270 1412 1331 ad
1444 1290 1497 1332 oc·

231 1390 341 1438 ravum
367 1377 453 1438 diem
476 1378 515 1438 ad
541 1397 654 1459 pacem
679 1391 725 1438 est
748 1390 884 1458 recepta.

338 1484 417 1545 Item
453 1482 566 1566 Cygan
609 1497 718 1546 contra
751 1481 944 1563 Gregorium
976 1482 1115 1563 juratum
1146 1483 1252 1564 prImo
1283 1483 1397 1545 citatus
1431 1502 1497 1545 non

232 1590 422 1671 comparuit.

338 1695 416 1757 Item
442 1693 603 1776 Georgius
628 1696 724 1757 Loter
748 1708 858 1757 contra
876 1694 1016 1757 eundem
1041 1693 1234 1776 Gregorium
1257 1695 1363 1776 prImo
1380 1695 1494 1757 citatus

231 1820 296 1861 non
322 1801 512 1882 comparuit.

337 1908 415 1969 Item
441 1906 608 1968 Ladislaus
643 1906 726 1967 tuIar
758 1921 872 1968 octavo
904 1907 956 1969 die
987 1926 1044 1988 per
1076 1907 1197 1967 Lucam
1233 1904 1431 1988 freniparum
1465 1921 1495 1969 et

231 2012 395 2075 Thomam
420 2012 542 2075 dimum
559 2011 765 2094 ZtarInichyn
789 2012 850 2074 hoc
867 2013 1025 2091 atestabit,
1049 2012 1136 2093 quod
1155 2012 1260 2093 ipsum
1285 2013 1396 2074 Jakkel
1413 2012 1495 2074 vitu-

231 2133 382 2201 perasset.

337 2225 416 2288 Item
450 2222 610 2305 Georgius
641 2224 864 2295 sartortercio
896 2243 929 2286 se
960 2238 1073 2285 octavo
1102 2222 1153 2284 die
1185 2242 1281 2305 super
1305 2242 1344 2284 eo
1368 2222 1496 2304 jurabit,

230 2332 318 2413 quod
345 2332 411 2414 ipse
440 2330 603 2411 quandam
622 2330 736 2391 ciclam
753 2330 879 2392 mulieri
908 2329 1079 2412 AugustIni
1097 2348 1163 2390 non
1184 2330 1374 2391 subtraxerit
1390 2350 1494 2412 neque

230 2458 267 2498 ex
292 2437 372 2498 scitu
396 2455 456 2497 suo
480 2438 639 2497 subtracta
667 2434 772 2497 luerit.
1188 2437 1196 2450 “

338 2543 416 2604 Item
443 2544 553 2605 Marco
585 2542 624 2602 de
657 2543 748 2602 Nova
780 2542 857 2603 villa
881 2542 1023 2604 secundo
1055 2563 1087 2603 se
1119 2557 1234 2605 octavo
1258 2543 1310 2604 die
1334 2562 1430 2624 super
1455 2561 1494 2603 eo

231 2648 360 2729 jurabit,
384 2648 473 2730 quod
499 2649 604 2730 ipsum
629 2648 826 2710 Laurentius
849 2648 1010 2730 usquead
1034 2650 1224 2731 sanguiuem
1249 2649 1449 2731 percusserit.

339 2754 416 2815 Item
445 2774 539 2816 causa
564 2754 630 2815 Juri
647 2754 776 2815 sartoris
800 2768 910 2816 contra
927 2755 1097 2816 Nicolaum
1121 2755 1256 2837 figulum
1280 2755 1320 2816 ad
1344 2769 1493 2818 octavum

229 2858 315 2920 diem
339 2859 379 2921 ad
404 2878 515 2941 pacem
541 2874 587 2921 est
610 2873 747 2940 recepta.

337 2965 414 3027 Item
440 2985 534 3026 causa
559 2965 731 3047 Dragonya
756 2978 866 3026 contra
891 2965 1075 3027 Emericum
1100 2966 1140 3028 ad
1168 2981 1317 3029 octavum
1342 2966 1428 3029 diem
1453 2967 1493 3028 ad

229 3088 340 3151 pacem
365 3085 411 3131 est
435 3084 570 3152 recepta.

335 3177 413 3238 Item
438 3177 527 3258 quod
552 3177 627 3258 quia
652 3176 814 3239 Johannes
831 3196 953 3259 anepus
977 3178 1118 3240 custodis
1142 3178 1174 3239 id
1200 3192 1246 3240 est
1269 3178 1381 3256 lassus,
1404 3174 1493 3259 'quod

229 3281 295 3363 ipse
330 3283 474 3344 Blasium
508 3282 705 3344 aurifabrum
741 3282 949 3361 vulnerasset,
982 3283 1055 3346 ideo
1088 3285 1155 3367 ipse
1188 3285 1350 3347 Iohannes
1386 3285 1493 3347 eidem

229 3387 336 3449 Blasio
360 3407 418 3470 pro
443 3389 530 3449 dicto
555 3388 687 3450 vulnere
711 3388 814 3450 solvet
837 3407 938 3469 usque
963 3389 1142 3470 quindenas
1166 3390 1245 3452 duas
1269 3410 1402 3453 marcas.

388 3605 484 3678 Iena
512 3617 612 3679 serta
641 3610 795 3696 proxima
823 3616 900 3697 post
928 3609 1050 3681 leston
1079 3609 1328 3683 Penthecostes.

765 3763 830 3837 (30.
855 3763 951 3837 maii).

333 3898 411 3961 Item
437 3900 545 3961 Endre
569 3898 654 3962 lilius
672 3900 797 3961 Iwanlra
822 3914 933 3962 contra
957 3901 1085 3963 Petrum
1111 3901 1213 3964 fillum
1239 3902 1324 3965 Iwan
1348 3903 1491 3966 secundo

228 4004 340 4065 citatus
364 4025 429 4066 non
458 4006 647 4087 comparuit.

332 4110 409 4172 Item
434 4111 592 4173 Martinus
616 4109 746 4192 jobagio
771 4109 891 4173 Cosme
909 4127 1018 4173 contra
1043 4112 1224 4175 Iohannem
1248 4114 1354 4196 primo
1378 4114 1492 4176 citatus

228 4235 292 4277 non
318 4217 507 4298 comparuit.

333 4322 411 4384 Item
437 4322 596 4403 Georgius
622 4321 757 4383 Sidouin
783 4335 894 4383 contra
923 4323 1041 4405 Stepan
1066 4337 1180 4387 octavo
1205 4324 1257 4386 die
1274 4323 1491 4406 respondebit.

332 4428 410 4489 Item
430 4429 551 4510 Symon
569 4427 654 4489 fillus
670 4440 701 4487 et
718 4426 817 4488 Lucia
840 4425 906 4489 filia
929 4428 1097 4512 Wlkouoy
1114 4443 1224 4492 contra
1247 4429 1367 4490 livanin
1386 4428 1491 4511 primo

226 4534 311 4596 citati
335 4554 399 4596 non
425 4547 684 4616 comparuerunt.

331 4639 410 4701 Item
434 4653 530 4701 testes
555 4639 695 4701 Ladislai
719 4638 803 4701 tular
826 4653 936 4702 contra
968 4640 1084 4722 Jaklyn
1116 4658 1245 4702 causam
1275 4639 1315 4702 ad
1340 4653 1490 4702 octavum

227 4743 313 4806 diem
338 4744 378 4806 ad
404 4763 514 4827 pacem
540 4759 740 4827 receperunt.
