3472 5234
626 322 713 379 Anno
738 332 824 398 1377.
849 356 889 365 -
913 336 945 396 9.
969 322 1097 381 octobris.
1440 340 1497 400 105

235 545 385 594 octavum
412 530 607 593 concordare
632 532 781 613 poterint,
813 534 895 593 bene
925 532 1069 613 quidem,
1100 531 1245 614 alioquin
1269 551 1342 592 suas
1372 551 1497 614 posses-

235 639 342 701 siones
366 637 511 720 predicto
536 636 679 719 Georgio
703 651 879 699 statuemus
903 637 988 719 juxta
1012 638 1192 699 libertatem
1216 637 1362 700 civitatis.

345 745 422 806 Item
458 743 618 825 Georgius
647 764 746 825 gener
779 742 909 806 Gerdne
942 757 1050 806 contra
1082 744 1220 806 Franam
1251 743 1356 826 primo
1387 744 1501 806 citatus

236 869 302 912 non
327 850 517 933 comparuit.

344 957 423 1018 ltem
457 955 617 1037 Georgius
648 956 810 1037 predictus
840 955 943 1037 jurato
976 955 1142 1018 Anthonio
1171 955 1273 1017 Reniz
1302 969 1417 1018 octavo
1448 956 1500 1018 die

235 1082 328 1125 suum
361 1063 504 1124 debitum
538 1062 719 1144 persolvere
752 1061 864 1139 debet,
897 1062 1042 1143 alioquin
1075 1062 1114 1123 de
1149 1062 1214 1123 suis
1245 1061 1501 1144 possessionibus

236 1170 375 1231 eundem
398 1169 621 1251 persolvemus
644 1167 730 1246 juxta
755 1168 935 1230 libertatern
960 1168 1108 1231 civitatis.

345 1276 420 1337 ltem
455 1275 540 1336 lwan
572 1288 681 1335 contra
716 1275 913 1337 Peterlinum
946 1287 1060 1336 octavo
1093 1274 1145 1335 die
1176 1295 1209 1336 se
1241 1275 1357 1336 tercius
1384 1274 1502 1355 jurabit

235 1401 330 1465 super
353 1402 403 1461 eo,
428 1382 516 1462 quod
541 1381 607 1463 ipse
631 1400 724 1442 suum
750 1381 861 1442 vinum
886 1381 925 1441 de
949 1399 1008 1441 suo
1032 1380 1162 1443 cellario
1187 1399 1251 1442 non
1277 1378 1441 1443 furaverit.

340 1489 419 1550 ltem
445 1487 606 1569 Georgius
629 1487 767 1568 piscator
791 1500 900 1548 contra
925 1485 1096 1548 Nicolaum
1121 1487 1311 1569 piscatorem
1335 1487 1440 1570 primo
1458 1486 1500 1548 ci·

236 1608 320 1657 tatus
344 1615 409 1657 non
435 1594 622 1677 comparuit.

343 1702 420 1764 ltem
445 1720 539 1763 causa
572 1700 756 1762 Salomonis
787 1713 817 1761 et
849 1699 1005 1761 Anthooii
1037 1700 1076 1761 de
1107 1697 1240 1760 Rabuch
1274 1712 1320 1761 est
1343 1718 1400 1779 per
1421 1698 1500 1760 Dra·

235 1806 386 1889 gozlaum
412 1807 451 1868 ad
475 1821 548 1868 octo
574 1806 641 1867 dies
666 1819 791 1888 recepta
815 1804 855 1868 ad
879 1825 1000 1888 pacem.

343 1913 420 1976 ltem
446 1912 627 1995 Stephanus
651 1910 743 1975 Cilus
767 1925 876 1975 contra
894 1911 1047 1995 Gyurgek
1072 1912 1299 1996 calcariparum
1324 1911 1430 1993 primo
1454 1912 1497 1973 ci·

235 2033 319 2082 tatus
343 2039 407 2081 non
432 2020 622 2101 comparuit.

341 2126 446 2187 Posita
471 2140 517 2186 est
541 2145 622 2207 pena
647 2126 728 2186 inter
745 2125 907 2187 Jaklinurn
933 2139 964 2187 et
985 2126 1074 2187 Hans
1096 2125 1291 2207 gladiatores
1315 2125 1374 2187 XV
1392 2144 1498 2186 marce

237 2231 442 2293 denariorum
467 2232 491 2292 si
517 2251 589 2313 pars
612 2248 735 2314 partem
761 2230 844 2293 lacto
868 2233 918 2293 vel
943 2233 1042 2294 verbo
1066 2231 1254 2294 offenderet.

342 2338 419 2399 ltem
443 2358 537 2399 causa
564 2338 718 2399 Anthonii
742 2337 890 2420 Zitarych
923 2351 954 2400 et
979 2338 1069 2399 Pauli
1094 2335 1245 2399 aurifabri
1279 2350 1325 2399 est
1349 2350 1422 2419 post
1445 2335 1500 2396 ad-

239 2457 370 2506 ventum
397 2442 529 2524 Georgii
553 2442 646 2524 jurati
671 2443 711 2504 ad
735 2444 874 2525 primum
899 2443 1055 2523 judicium
1079 2457 1261 2525 prorogata.

344 2549 421 2612 Item
447 2549 599 2610 dominus
623 2548 785 2612 lohannes
801 2549 934 2632 Crispus
958 2564 989 2611 et
1013 2554 1106 2610 Anna
1130 2569 1220 2611 soror
1244 2568 1300 2610 sua
1325 2561 1434 2610 contra
1451 2566 1501 2608 ser

237 2654 411 2739 Gyuanum
437 2656 541 2738 primo
566 2656 651 2717 citati
677 2675 741 2717 non
766 2669 1024 2738 comparuerunt.

342 2762 420 2824 Item
446 2761 627 2844 Stephanus
652 2760 740 2824 faber
757 2775 866 2824 contra
890 2761 1077 2823 Ladislaum
1094 2760 1232 2842 juratum
1257 2760 1363 2842 primo
1387 2760 1501 2822 citatus

236 2887 300 2930 non
326 2869 517 2951 comparuit.

343 2975 420 3036 ltem
443 2975 528 3036 lwan
560 2975 719 3057 Zyrothke
752 2990 861 3037 contra
893 2974 1086 3057 Gregorium
1109 2994 1219 3037 voscar
1250 2973 1355 3057 primo
1387 2973 1501 3035 citatus

236 3100 299 3142 non
326 3081 516 3164 comparuit.

341 3187 419 3249 ltem
445 3188 622 3249 Peterlinus
646 3201 760 3250 octavo
782 3187 833 3250 die
857 3208 912 3270 per
929 3188 1117 3270 magistrum
1143 3187 1323 3250 Johannem
1348 3186 1500 3269 Crispum

236 3307 267 3355 et
285 3292 462 3373 Georgium
487 3293 624 3374 juratum
646 3295 794 3356 atestabit
815 3314 910 3376 super
934 3295 1074 3376 quadam
1098 3295 1234 3377 pecunia
1259 3292 1499 3375 Lanch(o)lothi

237 3400 367 3461 dimissa
392 3419 448 3482 per
479 3399 649 3461 dominum
673 3400 811 3483 Mykech
843 3400 945 3463 filium
977 3401 1148 3479 Francisci,
1174 3414 1209 3463 ut
1240 3401 1367 3484 plenius
1398 3401 1499 3463 conti·

236 3520 329 3567 netur
354 3505 385 3566 in
410 3505 510 3566 literis
535 3505 846 3587 inquisicionalibus.

344 3613 420 3673 ltem
447 3632 540 3673 causa
565 3612 737 3674 Alexandri
772 3627 802 3674 et
828 3613 980 3695 Stephani
1013 3628 1059 3676 est
1082 3634 1139 3697 per
1171 3614 1372 3677 Anthonium
1398 3614 1500 3676 Reniz

234 3717 273 3779 ad
299 3715 411 3779 leriam
436 3733 556 3778 sextam
581 3738 666 3779 nunc
690 3731 858 3781 venturam
882 3732 1008 3802 recepta
1033 3720 1072 3781 ad
1097 3740 1218 3803 pacem.

344 3824 422 3885 ltem
440 3825 606 3886 Emericus
623 3823 711 3886 faber
727 3839 837 3887 contra
852 3825 1065 3888 Laurencium
1079 3840 1194 3889 octavo
1210 3826 1262 3888 die
1279 3826 1497 3909 respondebit.

344 3931 422 3993 ltem
437 3931 625 3993 Pauerlinus
638 3946 747 3993 contra
758 3932 971 3994 Laurencium
987 3934 1092 4015 primo
1106 3935 1219 3996 citatus
1232 3954 1297 3996 nou
1311 3933 1500 4017 comparuit.

343 4037 421 4099 ltem
446 4056 540 4099 causa
565 4038 672 4118 Herge
695 4051 741 4100 est
765 4058 821 4121 per
844 4037 985 4120 judicem
1008 4039 1048 4101 ad
1073 4054 1146 4103 octo
1171 4041 1239 4102 dies
1262 4038 1443 4123 prorogata.

234 4271 332 4347 Ferit
351 4283 449 4347 sexta
469 4278 624 4365 proxima
645 4284 721 4365 post
735 4284 875 4348 octavas
894 4278 971 4349 testi
987 4279 1078 4350 beati
1097 4279 1279 4368 Mychaelis
1295 4278 1499 4368 archangeli.

763 4431 807 4505 (9.
831 4432 972 4505 octobres).

343 4568 420 4629 ltem
447 4569 516 4630 Elia
534 4567 693 4631 aurifaber
717 4584 831 4632 octavo
848 4570 900 4633 die
922 4573 1069 4634 atestabit
1091 4592 1148 4655 per
1169 4572 1371 4634 Anthonium
1397 4573 1499 4635 Reniz

236 4687 346 4736 contra
371 4675 557 4755 magistrum
576 4675 748 4736 Nicolaum
772 4673 895 4737 fisicum
915 4697 1010 4759 super
1034 4677 1104 4740 dica
1121 4677 1267 4740 ordinata
1292 4678 1374 4740 inter
1397 4678 1495 4759 ipsos,

236 4793 267 4842 et
291 4779 377 4842 idern
403 4781 553 4861 magister
577 4781 729 4843 Nicolaus
757 4782 905 4845 atestabit
927 4803 984 4866 pet
1008 4803 1057 4846 ser
1083 4783 1304 4849 Benedictum.
