3472 5234
242 328 301 408 184
640 330 727 387 Anno
750 324 842 404 1382.
868 360 909 372 -·
932 341 985 402 29.
1000 327 1086 406 Jiclii.

307 562 405 636 Feria
432 567 541 636 tercia
568 567 724 653 proxima
751 571 829 653 post
855 565 980 636 festum
1009 566 1099 636 beati
1127 566 1247 655 Jacobi
1276 568 1431 654 apostoli.
1502 615 1506 623 ,

784 718 955 794 (29.qu11).

343 859 423 920 Item
447 858 566 919 Paulus
589 856 692 919 dictus
716 857 836 919 Pulech
860 877 896 919 ac
924 859 1040 941 Mykus
1064 871 1173 920 contra
1205 859 1362 920 Iacobum
1387 859 1502 920 Taslar

236 964 342 1047 primo
366 963 453 1026 citati
477 982 542 1024 non
568 976 826 1045 comparuerunt.

341 1070 420 1131 Item
446 1067 588 1130 lwchech
621 1069 839 1151 carpentarius
870 1082 981 1131 contra
1005 1069 1185 1131 Johannem
1215 1067 1372 1151 vigil(em)
1396 1069 1501 1152 primo

237 1178 350 1239 citatus
373 1195 439 1238 non
465 1175 653 1257 comparuit.

344 1282 423 1343 Item
448 1281 546 1364 Elyas
568 1279 653 1342 filius
677 1280 808 1363 Mathey
839 1293 949 1342 contra
982 1280 1148 1341 dominam
1173 1279 1364 1363 Marchycha
1397 1281 1503 1363 prImo

238 1389 353 1453 citatus
377 1407 442 1448 non
468 1387 658 1469 comparuit.

345 1493 424 1554 Item
450 1493 562 1555 Petrus
585 1490 670 1553 filius
687 1491 778 1552 Pauli
796 1504 905 1553 contra
929 1492 1096 1554 dominam
1121 1493 1203 1554 Kata
1227 1506 1374 1554 vocatam
1397 1493 1502 1574 primo

237 1599 351 1660 citatus
375 1617 441 1660 non
465 1597 655 1680 comparuit.

344 1704 424 1766 Item
449 1703 580 1765 domina
604 1702 729 1783 Dragos
757 1716 868 1764 contra
899 1702 1065 1765 dominam
1089 1703 1196 1765 Iwana
1227 1717 1374 1765 vocatam
1397 1704 1502 1786 primo

240 1811 333 1873 citata
358 1829 423 1872 non
456 1809 648 1892 comparuit.

344 1916 423 1978 Item
448 1916 605 1977 Martinus
628 1914 732 1976 dictus
755 1915 869 1997 Reauy
893 1928 1002 1976 contra
1024 1915 1186 1977 Thomam
1212 1914 1315 1977 filium
1348 1915 1503 1977 Iohannis

238 2021 316 2084 dicti
341 2021 476 2083 Kouach
500 2020 606 2103 primo
632 2021 746 2082 citatus
769 2040 834 2082 non
858 2020 1047 2103 comparuit.

345 2127 424 2189 Item
449 2145 543 2188 causa
568 2127 737 2188 Laurencii
753 2125 846 2207 jurati
863 2147 899 2188 ac
922 2126 1052 2189 Martini
1069 2126 1127 2189 filii
1144 2128 1310 2211 Zekyrych
1327 2149 1384 2211 per
1401 2128 1503 2191 Geor·

235 2232 326 2314 gium
350 2246 505 2294 sartorem
530 2252 565 2293 ac
583 2232 757 2293 Martinum
775 2232 967 2313 Hungarum
991 2232 1031 2293 ad
1049 2246 1199 2294 octavum
1223 2232 1309 2312 diem
1333 2232 1373 2294 ad
1390 2253 1501 2316 pacem

237 2352 285 2401 est
311 2352 448 2421 recepta.

344 2445 424 2506 Item
442 2443 639 2505 Laurenciua
663 2443 784 2524 juratus
800 2456 910 2505 contra
932 2444 1062 2506 Petrum
1084 2457 1198 2506 octavo
1215 2444 1266 2505 die
1283 2444 1503 2527 respondebit.

342 2550 421 2612 Item
430 2549 567 2633 Mykech
578 2548 737 2632 Magdych
748 2564 857 2612 contra
867 2548 978 2611 Morch
991 2551 1097 2631 primo
1106 2551 1294 2613 citatusnon
1312 2552 1502 2633 comparuit.

342 2657 421 2719 Item
446 2657 579 2718 domina
603 2656 719 2737 Draga.

342 2763 421 2825 Item
458 2763 577 2824 Paulus
612 2774 722 2824 contra
758 2763 928 2824 dommum
963 2763 1135 2824 Nicolaum
1170 2763 1362 2825 canonicum
1394 2782 1503 2846 zagra·

236 2868 379 2930 biensem
404 2869 510 2951 primo
534 2868 648 2930 citatus
671 2887 736 2929 non
762 2868 951 2950 comparuit.

342 2975 419 3036 Item
446 2973 575 3036 Gerdak
599 2987 709 3035 contra
735 2974 867 3057 Myklyn
893 2988 1007 3035 octavo
1032 2973 1084 3035 die
1108 2974 1324 3056 respondebit.

339 3080 418 3142 Item
444 3081 594 3141 Marenus
625 3080 842 3161 carpentarius
874 3095 983 3142 contra
1016 3080 1215 3142 Demetrium
1250 3081 1355 3163 primo
1388 3082 1502 3143 citatus

235 3204 301 3245 non
328 3186 518 3268 comparuit.
936 3196 941 3207 '

342 3290 420 3350 Item
446 3290 583 3351 Mathias
606 3291 710 3351 dictus
728 3288 898 3371 Hlebopek
916 3303 1026 3351 contra
1051 3289 1229 3370 Georgium
1253 3290 1356 3352 filium
1382 3291 1502 3374 Sydow

235 3396 342 3478 primo
367 3397 482 3457 citatus
504 3415 569 3456 non
598 3396 787 3478 comparuit.

341 3501 419 3562 Item
448 3501 584 3562 Cosmas
617 3499 776 3562 aurifaber
807 3515 916 3563 contra
949 3501 1143 3584 Gregorium
1176 3503 1315 3584 juratum
1345 3524 1401 3586 per
1425 3503 1503 3566 Gre-

234 3607 362 3688 gorium
385 3606 488 3667 filium
514 3606 621 3687 EgidiI
639 3607 835 3688 recipiendo,
853 3621 924 3690 post
940 3607 1115 3669 adventurn
1132 3608 1209 3670 dicti
1228 3607 1377 3690 Gregorii
1396 3611 1502 3692 prImo

235 3710 356 3791 judicio
382 3732 568 3793 comparere
592 3712 697 3774 debet.

342 3817 420 3879 Item
447 3816 621 3897 Gregorius
645 3818 767 3897 juratus
789 3839 825 3880 ac
845 3818 941 3901 Vydo
965 3820 997 3880 in
1022 3821 1087 3881 suis
1112 3821 1214 3881 causis
1231 3821 1291 3903 ipsi
1317 3821 1357 3882 ad
1382 3821 1501 3883 adven-

234 3936 304 3984 tum
328 3922 474 3985 eiusdem
499 3923 647 4005 Gregorii
673 3925 704 3985 in
729 3926 834 4008 primo
859 3924 979 4005 judicio
1004 3946 1189 4008 comparere
1214 3927 1341 3990 debent.

343 4028 421 4090 Item
457 4028 593 4090 Mathias
626 4031 797 4112 Hlebopek
829 4045 938 4093 contra
970 4032 1141 4094 Nicolaum
1173 4032 1294 4094 dictum
1332 4034 1508 4118 Hlebopelg

233 4133 338 4215 primo
362 4135 476 4195 citatus
498 4155 564 4196 non
589 4137 778 4217 comparuit.

341 4238 419 4301 Item
444 4240 635 4303 Valentinus
660 4257 770 4303 contra
787 4243 961 4325 Matheyko
986 4243 1086 4306 decan
1111 4258 1184 4327 post
1207 4245 1383 4308 adventum
1407 4267 1501 4308 suum

235 4344 268 4404 in
293 4345 398 4425 primo
423 4346 543 4425 iudicio
567 4348 761 4429 respondere
786 4348 891 4411 debet.

341 4450 419 4512 Item
444 4451 620 4533 Gregorius
644 4453 729 4515 filius
752 4454 995 4537 Chudauchych
1021 4471 1131 4518 eontra
1156 4458 1366 4520 Salomonem
1390 4474 1420 4521 et
1443 4460 1501 4520 Pa-

238 4574 323 4638 uyna
347 4557 451 4637 primo
480 4559 592 4620 citatus
616 4579 682 4620 non
706 4561 896 4641 comparuit.

344 4660 421 4721 Item
447 4663 603 4725 Martinus
626 4685 682 4745 per
705 4678 803 4726 testes
820 4664 976 4745 efficaces
1000 4667 1150 4731 videIIcet
1164 4689 1223 4751 per
1247 4686 1426 4733 consortem
1445 4673 1500 4733 Ni·

233 4766 315 4827 colai
340 4764 398 4826 filii
422 4768 538 4849 Angeli
564 4789 599 4830 ac
624 4784 805 4832 consortem
823 4771 953 4832 Martini
978 4773 1134 4835 carnificis
1151 4775 1211 4837 hoc
1236 4776 1394 4855 atestabit,
1412 4776 1501 4857 quod
