3472 5234
634 333 720 390 Anno
739 326 832 406 1386.
858 363 898 375 —
924 326 955 390 8.
971 331 1065 406 Junci.
1435 347 1494 409 255

235 442 429 451 ———--

338 545 416 607 Item
443 564 537 606 causa
562 543 646 605 Petri
678 542 767 623 longi
794 554 904 603 contra
935 539 1132 602 Hermanich
1164 540 1203 602 ad
1236 553 1386 602 octavum
1411 540 1497 602 diem

234 651 275 714 ad
299 670 411 733 pacem
435 664 483 712 est
505 662 642 731 recepta.

338 757 416 818 Item
441 776 534 817 causa
552 754 678 816 NicoIai
695 768 805 815 contra
828 752 975 836 Mathyas
991 751 1031 813 ad
1049 765 1198 813 octavum
1216 751 1301 812 diem
1327 750 1366 812 ad
1384 770 1495 832 pacem

234 879 281 927 est
304 877 440 944 recepta.

338 970 417 1032 Item
442 968 588 1031 Ceuetko
612 979 721 1027 contra
747 966 876 1027 Petrum
905 967 1010 1048 primo
1035 966 1148 1027 citatus
1172 982 1237 1025 non
1262 963 1452 1045 comparuit.

336 1076 416 1138 Item
434 1072 547 1156 Cygan
572 1085 682 1134 contra
707 1070 887 1133 Iohannem
911 1086 1025 1133 octavo
1050 1070 1102 1132 die
1126 1068 1345 1150 respondebit.

339 1182 416 1243 Item
438 1198 532 1241 causa
549 1179 677 1239 Mezera
694 1191 805 1239 contra
822 1177 907 1239 Iwan
924 1177 965 1239 ad
981 1191 1131 1239 octavum
1149 1177 1235 1237 diem
1253 1189 1300 1236 est
1316 1188 1497 1258 prorogata.

339 1286 417 1349 Item
443 1285 557 1367 Cygan
583 1297 614 1346 et
637 1283 745 1345 Endre
770 1283 836 1366 Syh
860 1297 971 1345 contra
1001 1281 1195 1362 Gregorium
1228 1280 1363 1343 voschar
1393 1281 1498 1364 primo

234 1392 320 1455 citari
345 1411 411 1453 non
436 1402 695 1472 comparuerunt.

339 1497 418 1558 Item
452 1495 611 1576 Georgius
643 1495 808 1576 Popouich
841 1508 950 1557 contra
983 1494 1119 1555 Paulum
1150 1493 1256 1576 primo
1288 1492 1401 1554 citatus
1431 1511 1497 1553 non

235 1603 425 1685 comparuit.

339 1709 417 1771 Item
443 1707 551 1769 Endre
569 1707 625 1769 Sib
648 1721 758 1769 contra
783 1707 954 1768 Nicolaum
972 1707 1077 1788 primo
1094 1707 1207 1769 citatus
1224 1724 1290 1768 non
1309 1704 1497 1785 comparuit.

340 1814 418 1876 Item
441 1834 536 1896 super
559 1828 681 1895 quanto
704 1812 864 1895 Georgius
895 1813 1135 1875 molendinator
1166 1813 1284 1894 jurabit
1307 1825 1421 1873 octavo
1446 1810 1498 1872 die

236 1935 393 2002 quantum
418 1920 497 1983 asini
515 1920 564 1981 sui
581 1919 718 1997 valeant,
735 1918 796 1981 hoc
815 1918 974 1981 Janchech
991 1919 1232 1981 molendinator
1248 1918 1374 1979 solvere
1392 1916 1498 1979 debet.

340 2026 418 2087 Item
445 2026 625 2107 Stephanus
649 2023 734 2086 filius
757 2025 860 2086 Kursa
884 2039 998 2086 octavo
1023 2024 1075 2087 die
1091 2025 1327 2106 quinquaginta
1351 2023 1499 2084 homines

234 2131 394 2194 adducere
419 2132 515 2195 debet
538 2145 659 2193 etcum
685 2131 797 2213 viginti
815 2131 959 2213 quinque
976 2130 1079 2213 jurare
1104 2130 1200 2193 debet
1223 2151 1318 2212 super
1343 2150 1393 2208 eo,
1410 2129 1499 2209 quod

232 2237 357 2319 ipsein
382 2237 608 2301 interfercioue
633 2238 717 2299 Petri
745 2236 802 2299 filii
827 2237 982 2299 Iohannis
1007 2239 1161 2300 innocens
1185 2251 1275 2300 esset.

338 2344 417 2405 Item
442 2343 529 2425 quod
555 2344 630 2425 quia
654 2342 838 2405 Anthonius
862 2341 946 2404 filius
980 2344 1079 2405 Renis
1102 2363 1176 2405 curn
1201 2345 1288 2405 bono
1312 2341 1499 2403 testimonio

234 2447 266 2509 id
291 2450 525 2532 comprobavit,
549 2454 585 2510 ut
608 2449 770 2511 Iohannes
794 2450 894 2510 Pazar
917 2450 978 2510 sibi
995 2469 1049 2510 sex
1073 2469 1188 2531 pensas
1213 2448 1420 2511 denariorum
1445 2446 1499 2508 de·

233 2555 307 2616 beat
330 2556 465 2634 solvere,
490 2556 565 2616 ideo
589 2555 718 2616 easdem
742 2574 844 2636 usque
869 2555 1049 2636 quindenas
1076 2556 1196 2631 solvat3
1223 2555 1289 2636 ipse
1313 2566 1421 2615 autem
1446 2554 1499 2613 Jo-

234 2660 356 2722 hannes
380 2661 498 2722 dictam
523 2681 652 2722 causam
676 2661 717 2722 ad
739 2661 890 2741 antiquos
913 2660 1036 2741 judices
1059 2660 1242 2743 appellavit.

340 2766 418 2828 Item
443 2766 531 2848 quod
556 2767 631 2848 quia
655 2765 840 2827 Anthonius
864 2780 974 2827 contra
992 2766 1177 2849 Philippum
1200 2778 1296 2828 testes
1320 2764 1499 2848 producere

234 2871 355 2933 debens
379 2892 444 2933 non
470 2873 631 2953 produxit,
656 2871 730 2933 ideo
762 2891 890 2933 causam
915 2871 1072 2953 perdidit;
1105 2873 1172 2954 ipse
1197 2886 1306 2934 autem
1332 2871 1500 2954 Philippus

232 2978 366 3039 domum
390 2998 446 3040 seu
471 2977 608 3040 fundum
633 2978 783 3040 obtinuit.
994 2954 1005 2975 ⁹

396 3212 493 3286 Feria
521 3222 619 3287 sexta
647 3218 800 3304 proxima
829 3222 907 3287 ante
936 3216 1059 3286 festum
1085 3215 1330 3287 Pentechostes.

784 3364 830 3444 (8.
842 3368 947 3445 junia).

341 3508 417 3569 Item
451 3528 546 3570 causa
578 3508 704 3569 Lucasii
737 3506 906 3591 freniparis
938 3523 1046 3571 contra
1072 3509 1250 3590 Georqum
1284 3524 1426 3572 sutorem
1458 3510 1499 3572 ad

235 3628 384 3676 octavum
407 3615 493 3677 diem
518 3615 557 3677 ad
583 3635 695 3698 pacem
719 3628 766 3677 est
789 3628 926 3698 recepta.

339 3720 416 3782 Item
443 3721 605 3783 Iohannes
628 3720 713 3783 filius
737 3721 848 3783 militis
880 3736 989 3783 contra
1014 3722 1149 3784 Paulum
1175 3722 1369 3785 Merichicha
1394 3722 1498 3805 prImo

235 3825 347 3887 citatus
371 3846 436 3887 non
462 3828 652 3910 comparuit.

341 3931 418 3993 Item
444 3932 555 3995 Petrus
578 3949 688 3996 contra
713 3934 837 4017 Ciphus
861 3934 965 4017 primo
993 3935 1107 3996 citatus
1131 3954 1196 3996 non
1221 3935 1410 4018 comparuit.

341 4036 418 4097 Item
444 4038 579 4118 Egidius
602 4040 751 4102 sacerdos
781 4053 813 4101 et
836 4039 998 4101 Iohannes
1029 4040 1172 4103 Iiteratus
1196 4055 1305 4102 contra
1331 4041 1499 4102 dominam

236 4160 362 4203 socrum
388 4142 542 4205 Iohannis
565 4145 663 4206 Vasas
686 4144 828 4209 secundo
853 4145 938 4207 citati
964 4164 1029 4206 non
1054 4159 1313 4227 comparuerunt.

339 4247 417 4308 Item
442 4249 599 4311 Martinus
624 4264 733 4312 contra
758 4251 843 4312 Iwan
867 4251 973 4332 primo
998 4251 1110 4311 citatus
1135 4271 1200 4312 non
1225 4252 1416 4333 comparuit.

341 4351 419 4414 Item
443 4373 537 4415 causa
555 4354 709 4417 Iohannis
726 4371 835 4418 contra
853 4355 966 4438 Cygan
984 4356 1025 4417 ad
1042 4371 1190 4417 octavum
1216 4356 1302 4418 diem
1327 4356 1367 4417 ad
1385 4377 1497 4439 pacem

236 4472 283 4518 est
306 4472 443 4540 recepta.

341 4562 418 4625 Item
448 4563 628 4646 Stephanus
660 4566 804 4650 Herrych
828 4583 938 4631 contra
971 4569 1079 4632 bartoI
1110 4568 1253 4631 secundo
1286 4569 1402 4630 citatus
1434 4588 1499 4631 non

236 4684 424 4750 comparuit.

338 4774 417 4837 Item
430 4777 544 4838 NicoIa
550 4797 585 4838 us
596 4776 682 4840 filius
691 4777 839 4841 Matheus
847 4794 957 4842 contra
967 4781 1076 4843 BartoI
1085 4794 1201 4843 octavo
1216 4781 1267 4843 die
1280 4782 1500 4864 respondebit.
