3472 5234
244 322 283 401 58
622 328 708 386 Anno
732 324 820 405 1376.
846 362 887 372 -
910 321 961 392 26.
985 331 1111 402 augusti.

347 536 425 598 Item
450 537 670 600 Lehcumuald
695 551 803 600 contra
828 539 936 602 Mathe
967 554 1108 602 sutorem
1132 539 1275 602 secundo
1298 538 1412 601 citatus
1434 558 1500 600 non

241 645 430 726 comparuit.

256 769 258 772 ’
348 750 425 812 Item
461 749 623 812 lohannes
657 751 797 813 decanus
835 766 944 814 contra
985 751 1104 815 chhlr
1138 751 1243 834 primo
1287 751 1400 813 citatus
1434 769 1500 812 non

135 890 137 894 ι
243 857 431 939 comparuit.

346 979 424 1041 Item
455 980 647 1042 Benedictus
678 979 817 1042 carnifex
852 994 961 1044 contra
1001 982 1158 1044 Iacobum
1187 981 1266 1043 Bole
1297 991 1412 1043 octavo
1447 978 1499 1040 die

241 1085 457 1167 respondebit.

345 1210 423 1273 Item
459 1208 612 1293 Gyurgek
653 1210 825 1293 calcaripar
863 1224 972 1273 contra
1011 1210 1173 1273 Videnum
1212 1223 1325 1271 octavo
1356 1208 1407 1270 die
1450 1228 1499 1270 re·

239 1316 420 1397 spondebit.

345 1423 421 1483 Item
447 1422 599 1484 Nicolaus
622 1435 731 1484 contra
757 1420 932 1485 Stefaniam
956 1422 1061 1505 primo
1078 1422 1192 1484 citatus
1216 1440 1281 1483 non
1306 1419 1496 1502 comparuit.

343 1547 421 1609 Item
445 1547 607 1609 Iohannes
631 1545 801 1629 Plachtych
826 1547 859 1608 in
878 1547 1051 1629 quindenis
1069 1544 1210 1609 Stefanie
1234 1564 1331 1610 unam
1356 1563 1496 1606 marcam

238 1651 444 1714 denariorum
467 1667 498 1715 et
522 1652 619 1734 judici
644 1653 784 1714 mediam
808 1668 939 1736 propter
962 1653 1118 1735 vituperia
1142 1652 1306 1714 exsolvere
1331 1651 1437 1715 debet.

343 1777 421 1838 Item
454 1777 636 1839 Alexander
669 1778 701 1838 ln
734 1777 905 1859 quindenis
937 1789 1046 1839 contra
1070 1775 1213 1838 Francha
1244 1774 1348 1836 filium
1372 1774 1497 1837 Nicolai

236 1882 455 1964 respondebit.

342 1987 420 2050 Item
444 1988 626 2051 Alexander
649 1989 816 2052 Anthonio
832 1987 900 2051 filio
924 1989 1027 2050 Reniz
1045 1989 1077 2050 in
1101 1987 1274 2070 quindenis
1297 2001 1359 2049 tres
1382 2006 1497 2069 pensas

236 2092 388 2157 exsolvet.

340 2200 418 2261 Item
444 2200 606 2262 Iohannes
628 2200 714 2263 filius
726 2202 873 2262 Domkus
896 2199 936 2262 de
954 2199 1047 2261 bonis
1063 2198 1154 2260 Pauli
1177 2196 1235 2260 filii
1253 2197 1407 2278 Malheni‚
1424 2198 1494 2260 ubi-

235 2323 362 2386 cunque
387 2306 523 2368 inveniri
549 2307 675 2388 poterit,
698 2326 731 2367 se
758 2307 891 2368 liberam
924 2304 1039 2368 habeat
1070 2304 1255 2366 exsolvendi
1279 2317 1409 2387 propter
1439 2324 1496 2367 sua

235 2410 367 2473 vulnera
390 2412 623 2475 adiudicatoria
647 2414 679 2474 in
701 2414 832 2475 arbitrio
857 2412 1051 2475 facultatem.

340 2532 419 2597 Item
437 2555 530 2597 causa
548 2537 703 2599 Iohannis
716 2538 813 2598 Liber
829 2551 860 2599 et
883 2535 993 2599 Sibich
1010 2548 1057 2596 est
1071 2554 1129 2617 per
1144 2533 1284 2615 judicem
1298 2535 1338 2597 ad
1354 2536 1494 2617 prImum

234 2638 391 2720 judicium
415 2655 487 2724 post
511 2641 686 2704 adventum
709 2643 809 2724 ipsius
833 2641 987 2705 Iohannis
1011 2641 1049 2702 de
1074 2640 1165 2703 Buda
1188 2654 1369 2723 prorogata.

341 2765 417 2825 Item
443 2785 537 2828 causa
561 2767 697 2828 Vidonis
721 2780 753 2829 et
769 2765 870 2828 Curse
886 2763 1154 2827 molendInatoris
1176 2776 1223 2825 est
1246 2782 1302 2845 per
1326 2764 1495 2825 Marenum

235 2870 275 2930 ad
299 2884 373 2932 octo
398 2871 466 2932 dies
489 2886 614 2954 recepta
639 2873 679 2933 ad
703 2891 825 2954 pacem.

341 2994 419 3057 Item
443 3015 536 3057 causa
561 2996 657 3057 Blasii
690 2997 806 3058 sutoris
829 3009 860 3058 et
889 2995 1044 3056 Iohannis
1074 2993 1228 3055 institoris
1251 3007 1299 3054 est
1320 3012 1377 3075 per
1399 3005 1496 3055 testes

233 3099 273 3160 ad
297 3114 370 3164 octo
394 3101 462 3162 dIes
485 3115 656 3183 prorogata
680 3101 719 3162 ad
744 3120 865 3183 pacem.

339 3222 402 3284 lern
428 3243 521 3285 causa
546 3223 678 3305 Georgii
696 3224 824 3285 sartoris
847 3237 879 3284 et
903 3221 1052 3303 Gregorii
1068 3223 1205 3304 proximi
1222 3222 1366 3284 eiusdem
1383 3234 1494 3284 contra

233 3329 399 3390 dominam
423 3329 580 3410 Reginam
613 3344 659 3391 est
683 3349 739 3411 per
770 3328 891 3408 judices
922 3327 961 3388 ad
989 3342 1066 3404 ,octo
1098 3328 1166 3390 dles
1204 3328 1244 3390 ud
1277 3327 1494 3389 exhibendum

232 3447 458 3496 testamentum
483 3434 614 3496 domine
648 3434 821 3495 KatherIne
853 3433 961 3495 relicte
986 3433 1115 3494 Martini
1141 3433 1259 3495 Katiuo
1292 3433 1395 3494 vocati
1419 3453 1493 3516 pro·

232 3554 352 3621 rogata.
1495 3549 1497 3554 '

337 3646 415 3708 Item
441 3646 620 3726 Stephanus
643 3645 763 3706 Rodini
787 3659 901 3707 octavo
926 3644 976 3705 die
1001 3659 1110 3706 contra
1135 3645 1321 3726 magistrum
1347 3644 1492 3706 Fruncha

233 3751 427 3813 aurifabrum
453 3766 484 3812 et
509 3752 660 3833 Gyurgelr
685 3751 752 3812 sola
777 3770 911 3833 persona
928 3750 1045 3833 jurabit
1069 3751 1101 3811 in
1125 3750 1233 3812 vulore
1257 3751 1423 3812 cuiusdam
1442 3749 1491 3814 cifi

232 3878 288 3939 per
312 3858 419 3939 ipsum
444 3856 642 3939 Stephanum
667 3857 804 3918 Iohanni
828 3854 895 3918 filio
920 3856 1085 3917 Benedicti
1109 3856 1314 3938 inpignoratI.
1397 3920 1399 3925 ,

338 3980 417 4042 Item
441 4000 534 4042 causa
557 3981 678 4043 Vrbani
703 3994 734 4042 et
757 3980 910 4063 Stephani
935 3995 965 4042 et
996 4001 1053 4062 per
1075 3980 1228 4063 Gyurgek
1262 3981 1492 4064 calcariparum

233 4086 273 4147 ad
298 4099 371 4147 octo
396 4085 464 4147 dies
488 4101 612 4169 recepta
638 4086 677 4148 ad
702 4107 823 4169 pacem.

339 4209 416 4270 Item
442 4229 534 4271 causa
567 4211 665 4272 Marci
699 4210 811 4270 Putaui
837 4223 868 4270 et
893 4207 1024 4289 Georgii
1056 4208 1236 4270 stacionarii
1269 4224 1315 4272 est
1337 4230 1393 4291 per
1424 4216 1490 4273 An·

232 4315 380 4378 thonium
405 4316 508 4377 Reniz
532 4316 572 4377 ad
597 4329 670 4377 octo
694 4315 762 4376 dies
785 4328 910 4396 recepta
934 4314 974 4375 ad
999 4334 1120 4396 pacem.

338 4440 416 4501 Item
434 4438 658 4502 Cussilouicha
683 4454 792 4500 contra
817 4437 984 4499 luaninum
1003 4451 1115 4498 octavo
1141 4437 1192 4498 die
1215 4458 1248 4499 se
1265 4453 1350 4501 sexta
1375 4439 1493 4521 jurabit

233 4545 264 4606 in
289 4564 338 4622 e0,
363 4545 451 4626 quod
476 4546 542 4628 ipsa
566 4546 606 4606 ab
631 4543 746 4605 eodem
770 4542 904 4604 luanino
921 4555 1041 4623 septem
1065 4561 1179 4627 pensas
1202 4562 1275 4604 cum
1298 4545 1404 4607 media
1424 4567 1490 4609 non

234 4649 395 4712 iuraverit.
