3472 5234
251 343 291 422 36
630 343 716 399 Anno
739 339 829 418 1376.
854 375 896 385 —
919 355 969 416 29.
995 343 1110 415 aprilis.

252 551 502 613 inhonestaverit
525 551 558 640 in
576 551 674 613 domo
698 552 750 613 vel
774 565 859 612 extra
883 565 914 613 et
937 551 998 614 hoc
1030 552 1221 633 conprobari
1244 552 1371 634 poterit,
1396 565 1511 614 extunc

250 658 309 718 sub
334 656 498 740 pringario
520 656 612 737 ligari
637 657 752 718 debeat
772 657 920 718 manibus
944 676 961 718 a
984 669 1076 738 tergo
1105 669 1136 717 et
1159 655 1290 719 demum
1314 656 1456 719 baculari
1478 671 1510 719 et

247 763 382 846 turpiter
405 763 445 824 de
469 763 596 825 civitate
626 762 755 846 expelli,
787 782 845 825 nec
875 763 1013 845 amplius
1037 764 1070 825 in
1094 764 1195 845 ipsam
1227 764 1389 826 civitatem
1412 764 1512 846 possit

248 870 374 934 reverti.

355 975 433 1037 Item
457 975 582 1038 Blasius
608 974 768 1056 Gregorio
790 987 912 1057 septem
937 995 1059 1038 marcas
1086 976 1181 1059 plene
1205 977 1368 1060 persolvit.

355 1081 434 1143 Item
458 1082 533 1163 quia
551 1081 707 1143 Martinus
731 1080 903 1163 Zequirich
928 1095 1036 1143 contra
1054 1083 1242 1164 magistrum
1266 1083 1410 1147 Francha
1427 1085 1510 1167 auri-

248 1185 374 1249 fabrum
390 1184 560 1250 testificare
576 1186 722 1268 nequivit
738 1186 867 1249 racione
883 1187 1095 1269 quarumdam
1109 1187 1273 1250 literarum
1289 1208 1366 1270 ergo
1382 1210 1511 1253 causam

245 1293 347 1375 ipsam
371 1293 507 1355 omnIno
532 1306 562 1355 et
585 1292 727 1355 totaliter
750 1291 899 1375 perdidit.

350 1399 428 1461 Item
453 1399 528 1481 quia
551 1398 609 1461 filii
627 1398 753 1462 Crisani
778 1411 887 1461 contra
904 1398 1123 1461 Alexandrum
1139 1399 1307 1463 testificare
1325 1401 1510 1465 debuissent

245 1505 375 1568 racione
398 1505 566 1567 cuiusdam
590 1504 746 1584 clamidis,
770 1504 811 1567 ad
842 1504 944 1587 ipsam
968 1503 1230 1567 testificacionem
1261 1526 1327 1568 non
1351 1521 1510 1570 venerunt

245 1631 350 1694 neque
373 1612 539 1677 miserunt.

350 1716 429 1779 Item
459 1736 550 1779 soror
580 1715 748 1779 Chernech
785 1728 894 1778 contra
926 1715 1147 1778 Alexandrum
1177 1717 1283 1800 primo
1316 1717 1410 1781 citata
1441 1737 1509 1780 non

244 1823 435 1906 comparuit.

242 2039 341 2115 Faria
368 2044 476 2114 tercia
503 2043 659 2131 proxima
686 2051 764 2113 ante
791 2041 914 2114 festum
942 2041 1116 2114 beatorum
1155 2041 1299 2132 PhIlippi
1327 2049 1361 2114 et
1385 2041 1507 2133 Jacobi

752 2164 991 2254 apostolorum.

758 2314 826 2396 (29.
851 2314 981 2398 apn'lis).

347 2458 456 2519 Primo
480 2455 663 2518 Anthonius
694 2456 841 2539 Zitarych
866 2469 897 2518 et
921 2455 1001 2518 alter
1031 2455 1214 2519 Anthonius
1246 2469 1356 2518 contra
1382 2457 1506 2518 Lucam

242 2563 371 2626 Bonioli
396 2563 501 2646 primo
525 2563 611 2625 citati
636 2581 702 2624 non
724 2575 983 2645 comparuerunt.

347 2670 423 2731 Item
441 2669 553 2731 Marko
571 2667 729 2731 Gemzine
744 2682 859 2731 octavo
876 2668 928 2730 die
944 2688 1001 2750 per
1018 2687 1150 2730 uxorem
1171 2667 1258 2750 Span
1275 2681 1306 2729 et
1322 2665 1500 2728 Johannem

242 2775 399 2838 decanum
424 2774 570 2837 atestabit
593 2794 688 2858 super
712 2794 762 2855 eo,
779 2775 868 2857 quod
892 2775 998 2857 Ipsum
1016 2774 1116 2836 Elena
1134 2773 1251 2835 mulier
1266 2772 1500 2855 vituperaverit.

345 2882 422 2942 Item
455 2881 569 2943 eadem
601 2881 703 2943 Elena
735 2901 752 2943 e
783 2899 938 2944 converso
974 2899 1030 2962 per
1055 2879 1199 2941 Matheas
1230 2878 1334 2941 filium
1357 2878 1501 2960 oroznyk

240 2988 396 3052 atestabit.

347 3094 425 3155 Item
450 3091 631 3175 Stephanus
655 3104 764 3154 contra
798 3092 976 3154 Johannem
1005 3092 1138 3173 vigilem
1161 3092 1267 3173 primo
1291 3091 1405 3153 citatus
1434 3108 1500 3152 non

240 3199 429 3281 comparuit.

344 3303 423 3366 Item
440 3323 534 3365 causa
550 3302 705 3365 Iohannis
723 3303 818 3364 Liber
834 3316 865 3364 et
879 3301 1031 3385 alteri(us)
1049 3302 1203 3364 Iohannis
1218 3302 1276 3364 filii
1294 3303 1440 3364 Domkus
1456 3314 1503 3363 est

241 3429 298 3491 per
320 3409 442 3491 judIces
466 3423 496 3471 et
519 3408 639 3491 juratos
662 3408 703 3469 ad
727 3406 839 3470 leriam
871 3422 990 3470 sextam
1016 3428 1100 3470 nunc
1130 3421 1298 3470 venturam
1321 3419 1502 3490 prorogata.

344 3516 421 3577 Item
446 3535 539 3577 causa
563 3515 688 3576 Nicolai
722 3527 753 3576 et
776 3514 937 3576 Valentini
971 3529 1017 3576 est
1040 3534 1097 3597 per
1132 3514 1312 3576 Johannem
1336 3512 1501 3576 Chemerii

240 3634 271 3683 et
295 3621 430 3683 Paulum
456 3622 566 3704 Kypar
588 3621 628 3682 ad
652 3621 793 3703 primum
817 3619 972 3702 judicium
996 3634 1122 3702 recepta
1146 3621 1186 3681 ad
1210 3640 1334 3702 pacem.

344 3727 421 3789 Item
446 3746 539 3788 causa
563 3727 673 3789 relicte
702 3726 879 3788 sabastiani
912 3739 944 3788 et
968 3725 1117 3807 Gregorii
1148 3726 1277 3788 sartoris
1301 3740 1348 3787 est
1370 3745 1426 3808 per
1450 3725 1497 3807 ju·

238 3831 340 3895 dIcem
365 3833 405 3894 ad
429 3846 502 3895 octo
527 3833 596 3895 dies
618 3834 657 3894 ad
682 3833 913 3895 Inveniendum
937 3834 1083 3894 katernas
1106 3845 1288 3914 prorogata.

343 3939 421 4002 Item
445 3939 555 4001 Petrus
579 3952 680 4000 sartor
712 3951 826 4000 octavo
851 3937 903 4000 die
935 3958 992 4021 per
1020 3937 1173 4020 Gyurgek
1206 3938 1436 4020 calcariparum
1468 3951 1500 3999 et

240 4044 438 4127 Stephanum
463 4043 555 4107 Cilus
578 4045 725 4107 atestabit
749 4064 844 4126 super
868 4064 917 4122 eo,
936 4043 1024 4125 quod
1047 4045 1113 4125 ipse
1139 4044 1301 4124 quendam
1325 4062 1434 4105 arcum
1465 4043 1500 4104 in

237 4150 390 4212 nundinis
414 4150 555 4231 magistri
581 4149 735 4232 Stephani
761 4150 793 4210 in
818 4148 899 4212 festo
924 4149 1008 4211 beati
1033 4148 1188 4211 Stanizlai
1213 4149 1421 4230 comparavit.

342 4256 419 4317 Item
444 4256 557 4318 Marko
580 4253 665 4317 filius
697 4254 819 4318 Gemez
850 4268 962 4317 contra
991 4255 1172 4317 Johannem
1207 4253 1372 4316 Chemerii
1394 4254 1500 4337 prImo

235 4361 348 4423 citatus
372 4381 436 4423 non
461 4361 650 4443 comparuit.

339 4466 418 4529 Item
443 4467 579 4550 Mykech
604 4466 734 4548 jobagio
752 4466 860 4529 relicte
878 4467 1061 4528 Kusailonis
1084 4478 1196 4528 contra
1221 4464 1399 4548 Georqum
1416 4467 1500 4529 litte·

234 4585 338 4636 ratum
363 4574 468 4650 primo
492 4574 607 4636 citatus
635 4592 701 4635 non
725 4573 914 4656 comparuit.

337 4679 416 4740 Item
447 4679 598 4759 magister
629 4678 748 4741 Paulus
778 4698 851 4741 cum
883 4678 1059 4742 Salomone
1087 4680 1194 4743 taliter
1225 4681 1433 4743 concordavit
1463 4679 1497 4743 in

234 4784 401 4848 masencia
432 4785 558 4847 Nicolai
593 4784 731 4848 condam
763 4783 895 4868 judicia,
927 4784 1071 4850 Franche
1102 4785 1255 4850 aurifabri
1284 4799 1316 4850 et
1346 4785 1497 4870 Gregorii
