3472 5234
628 300 712 357 Anno
733 296 824 377 1383.
850 333 890 343 -
914 315 966 376 23.
984 302 1076 376 junii.

672 535 855 608 Sabbatum
884 558 1037 627 sequens.

757 705 825 787 (20.
842 707 952 788 sitnia).

328 864 407 925 Item
442 864 565 945 antiqui
601 864 723 945 judices
755 886 883 927 causam
915 866 1094 928 Clementis
1126 866 1182 928 filii
1219 867 1344 928 Nicolai
1376 880 1485 930 contra

214 970 363 1032 ,Iwanam
386 970 555 1031 mulierem
574 972 616 1032 ita
640 971 873 1051 judicaverunt,
891 972 978 1054 quod
996 973 1071 1054 quia
1089 973 1170 1034 dicta
1196 973 1301 1034 lwana
1318 973 1484 1055 quoddam

221 1077 333 1138 vinum
357 1077 389 1137 in
414 1077 515 1137 vineis
542 1076 616 1139 dicti
634 1078 760 1139 Nicolai
785 1093 987 1160 procreatum
1005 1078 1044 1139 de
1061 1078 1129 1158 jure
1148 1099 1254 1141 emere
1279 1099 1343 1141 non
1368 1079 1484 1161 potuit,

223 1183 296 1244 ideo
321 1183 402 1244 inter
434 1184 539 1265 ipsum
572 1184 774 1246 Clementem
800 1198 830 1246 et
861 1186 1003 1267 puellam
1029 1186 1161 1247 Luciam
1193 1184 1293 1247 filiam
1329 1186 1405 1247 dicti
1429 1187 1486 1247 Ni-

222 1289 304 1350 colai
330 1290 362 1350 in
387 1290 466 1350 duas
490 1304 591 1351 rectas
612 1303 716 1372 partes
736 1290 879 1352 dividere
904 1291 1019 1353 debeat
1042 1291 1154 1353 vinum
1179 1304 1392 1373 prenotatum.

328 1414 406 1476 ltem
431 1414 614 1476 Anthonius
637 1413 721 1475 filius
745 1415 835 1476 Jursa
856 1429 969 1476 octavo
995 1414 1046 1476 die
1070 1435 1165 1498 super
1189 1435 1227 1477 eo
1252 1415 1377 1497 jurabit,
1394 1415 1483 1497 quod

220 1521 352 1602 quidam
377 1523 444 1599 bos,
469 1540 566 1602 quern
590 1521 650 1582 sibi
675 1519 843 1582 fideiussor
866 1521 951 1582 lwan
976 1520 1060 1583 filius
1085 1522 1174 1583 Pauli
1207 1522 1397 1603 assignasset
1421 1540 1479 1603 pro

224 1646 282 1688 suo
307 1627 427 1705 debito,
452 1647 516 1688 non
541 1646 614 1689 cum
638 1646 694 1688 sua
719 1627 844 1688 malicia
870 1640 1013 1689 mortuus
1038 1625 1141 1690 luerit·

329 1752 407 1814 ltem
431 1749 571 1833 prelatus
596 1751 681 1812 lwan
706 1765 819 1812 octavo
845 1751 895 1812 die
912 1771 1006 1833 super
1031 1772 1069 1814 eo
1086 1751 1212 1831 jurabit,
1237 1764 1394 1833 quantum
1410 1771 1481 1833 pre-

222 1858 304 1920 latus
328 1860 386 1919 bos
417 1858 541 1934 valeam
564 1872 594 1919 et
617 1877 713 1940 super
744 1870 864 1937 quanto
896 1857 1021 1939 jurabit,
1056 1858 1117 1920 hoc
1148 1856 1350 1919 fideiussores
1375 1855 1480 1917 eidem

221 1965 307 2026 lwan
332 1964 525 2046 persolvant,
550 1963 695 2045 eoquod
719 1963 823 2045 ipsum
849 1963 965 2025 bovem
983 1978 1055 2025 ante
1077 1977 1204 2046 tempus
1229 1963 1373 2025 debitum
1398 1982 1483 2024 rece-

223 2085 353 2153 prssent.

248 2307 343 2383 letio
374 2313 481 2382 tercia
508 2313 662 2400 proxima
690 2323 768 2384 ante
805 2313 925 2384 festum
957 2311 1156 2383 Nativitatis
1184 2310 1273 2382 beati
1297 2308 1461 2399 Johannis

776 2436 938 2525 Baptista.

758 2604 946 2683 (23.an1'2').

328 2747 404 2809 ltem
432 2747 632 2828 Margaretha
657 2747 772 2808 mulier
794 2765 890 2828 super
914 2746 1075 2828 premissis
1092 2744 1178 2825 juxta
1202 2744 1408 2825 prescriptam
1427 2762 1485 2804 no·

221 2866 318 2914 stram
343 2852 542 2932 judiciariam
569 2854 828 2915 commissionem
852 2872 945 2913 suum
971 2852 1187 2933 juramentum
1212 2850 1360 2931 deposuit
1377 2861 1412 2910 ut
1429 2848 1484 2911 de·

224 2960 329 3038 bebat,
354 2973 384 3021 et
408 2959 432 3020 si
458 2960 604 3021 terciario
621 2972 744 3041 reperta
762 2957 906 3020 fueritin
924 2958 978 3019 tali
1003 2956 1098 3034 facto,
1114 2970 1189 3018 tunc
1207 2956 1340 3018 cremari
1359 2956 1485 3016 debeat.

331 3066 408 3126 ltem
443 3067 554 3127 Petrus
578 3064 662 3126 filius
687 3066 770 3125 Jwrk
803 3077 891 3125 sexto
923 3084 955 3124 se
987 3064 1174 3125 hominibus
1205 3082 1299 3144 super
1323 3082 1373 3141 eo,
1398 3061 1486 3143 quod

223 3172 289 3254 ipse
315 3171 347 3232 in
373 3171 512 3252 quadam
536 3171 734 3253 spoliatione
759 3170 913 3230 innocens
941 3168 1036 3230 fuerit
1069 3169 1155 3250 juxta
1188 3183 1330 3230 nostram
1353 3167 1485 3249 judicia·

223 3278 302 3338 riam
328 3277 589 3338 commissionem
613 3296 706 3337 suum
732 3275 947 3357 juramentum
976 3275 1124 3356 deposuit
1150 3290 1183 3336 ut
1207 3275 1355 3337 debebat.

327 3383 405 3444 Item
439 3381 619 3464 Stephanus
651 3381 754 3443 dictus
787 3379 944 3463 Chaplich
979 3395 1088 3442 contra
1120 3381 1205 3442 lwan
1230 3379 1332 3442 filium
1358 3379 1483 3441 Nicolai

220 3489 324 3571 primo
350 3489 462 3550 citatus
486 3508 550 3549 non
576 3488 764 3569 comparuit.

323 3595 401 3656 ltem
438 3595 501 3654 Res
536 3608 644 3655 contra
681 3593 810 3676 Mathey
843 3593 1055 3674 gladiatorem
1088 3593 1230 3654 secundo
1264 3593 1377 3655 citatus
1419 3612 1484 3653 non

220 3702 409 3785 comparuit.

327 3808 404 3869 Item
438 3806 612 3868 Katherina
644 3806 751 3888 puella
783 3821 896 3868 octavo
928 3807 979 3867 die
1012 3827 1067 3889 per
1099 3807 1183 3868 lwan
1216 3806 1337 3867 dictum
1370 3806 1484 3883 Babin,

220 3914 371 3994 Egidium
397 3927 427 3974 et
452 3914 624 3975 Lucasium
648 3913 810 3975 medicum
834 3914 895 3975 hoc
912 3914 1068 3993 atestabit‚
1093 3913 1181 3995 quod
1207 3914 1308 3995 ipsam
1328 3912 1484 3973 Martinus

222 4017 310 4081 faber
335 4022 540 4082 verberasset.

326 4127 406 4187 ltem
429 4147 523 4188 causa
540 4132 634 4189 Anne
652 4140 762 4189 contra
783 4126 962 4208 Georgium
979 4127 1019 4187 ad
1043 4140 1192 4188 octavum
1211 4126 1296 4187 diem
1313 4126 1353 4187 ad
1371 4143 1482 4206 pacem

221 4247 268 4295 est
293 4246 428 4315 recepta.
1561 4220 1565 4226 ⁵

328 4340 407 4401 ltem
438 4341 631 4403 Benedictus
664 4340 845 4401 Mosnarich
877 4352 986 4402 contra
1018 4339 1182 4401 Vrbauum
1208 4339 1310 4401 filium
1336 4339 1483 4422 Crapech

220 4459 334 4508 octavo
359 4445 410 4508 die
434 4447 651 4529 respondebit.

327 4551 404 4613 ltem
431 4552 557 4615 Mikech
589 4567 703 4614 octavo
737 4552 789 4613 die
821 4551 937 4633 jurabit
961 4552 1103 4613 secundo
1134 4572 1166 4613 se
1191 4570 1285 4632 super
1317 4571 1367 4630 eo,
1392 4551 1480 4632 quod

221 4655 385 4738 quoddam
422 4659 543 4741 palium
579 4657 665 4740 apud
701 4658 806 4740 ipsum
845 4676 903 4739 pro
938 4656 1065 4719 duobus
1103 4657 1217 4719 marcis
1252 4677 1309 4739 pro
1345 4657 1479 4739 pignore

220 4762 342 4829 existat.
