3472 5234
621 295 711 356 Anno
734 294 824 373 1382.
847 333 890 340 —
913 295 966 358 28.
989 300 1150 373 februarii.

364 507 442 570 Item
467 527 560 569 causa
578 507 731 590 Stephani
749 522 858 570 contra
880 508 1060 570 Iohannem
1088 509 1285 592 Samlyawar
1308 510 1349 571 ad
1371 524 1523 573 octavum

256 612 343 674 diem
369 613 408 674 ad
433 632 545 695 pacem
571 626 616 673 cst
645 627 783 695 recepta.

363 718 441 780 Item
465 738 559 780 causa
576 719 668 780 Pauli
692 733 723 780 et
747 718 859 780 famuli
877 720 1038 803 Radolphi
1056 720 1096 782 ad
1116 721 1257 803 primurn
1275 720 1430 802 judicium
1448 736 1521 804 post

257 825 431 886 adventum
457 824 619 906 Radolphi
644 824 684 885 ad
708 803 820 906 pacem
845 842 891 886 est
915 840 1052 907 recepta.

366 931 443 992 Item
471 929 639 992 Ladislaua
662 930 765 991 Tular
789 944 897 991 contra
923 931 1037 1013 Ialrlyn
1072 931 1256 993 Mechotreb
1279 932 1385 1014 primo
1409 932 1523 994 citatus

258 1057 325 1099 non
349 1037 538 1119 comparuit.

365 1142 443 1204 Item
462 1143 545 1203 Rees
569 1157 678 1204 contra
703 1141 882 1203 Iohannem
909 1142 1005 1204 Liber
1032 1143 1174 1204 secundo
1199 1142 1312 1204 citatus
1344 1162 1411 1205 non
1435 1163 1522 1206 com·

257 1249 372 1332 paruit.

363 1355 442 1416 Item
458 1354 575 1415 Paulus
593 1354 703 1436 Kypar
716 1367 823 1414 contra
839 1352 993 1414 Hericum
1003 1353 1108 1435 primo
1122 1354 1235 1415 citatus
1247 1373 1314 1416 non
1332 1355 1521 1437 comparuit.

363 1461 442 1521 Item
467 1459 715 1521 Bartholomeus
746 1473 856 1521 contra
881 1459 1051 1520 Herricum
1083 1459 1254 1541 pellificem
1279 1461 1312 1521 in
1336 1461 1443 1542 prImo
1474 1460 1521 1542 ju-

256 1566 342 1628 dicio
366 1579 438 1648 post
461 1566 636 1627 adventum
660 1566 735 1626 dicti
763 1563 981 1647 bartholomei
1006 1566 1223 1647 respondebit.

363 1673 441 1734 Item
466 1673 577 1733 Petrus
601 1686 711 1732 contra
735 1671 871 1732 Paulum
894 1671 1000 1753 primo
1037 1671 1151 1732 citatus
1175 1690 1240 1732 non
1265 1671 1455 1753 comparuit.

362 1778 441 1839 Item
466 1777 627 1839 lohannes
650 1776 735 1839 filius
752 1776 892 1839 Chemer
908 1792 1018 1839 contra
1043 1776 1129 1858 Span
1146 1777 1289 1839 secundo
1314 1778 1428 1839 citatus
1455 1795 1520 1837 non

257 1884 447 1967 comparuit.

364 1990 443 2052 Item
462 1987 539 2051 Scof
561 1989 670 2049 Hanse
695 2001 805 2049 contra
837 1986 1030 2068 Gregoriunr
1061 1987 1179 2069 Angeli
1212 1988 1243 2049 in
1268 1988 1374 2070 primo
1398 1987 1520 2068 judicio

257 2111 331 2180 post
353 2115 447 2157 auum
472 2094 645 2155 adventum
670 2093 885 2175 respondebit.

364 2202 442 2263 Item
468 2199 628 2280 Georgius
660 2199 898 2261 molendInator
930 2212 1040 2260 contra
1065 2199 1194 2260 Petrum
1226 2197 1519 2260 molendinatorem

257 2307 400 2370 secundo
424 2306 537 2368 citatus
561 2326 626 2367 non
651 2305 841 2386 comparuit.

363 2414 440 2475 Item
473 2413 624 2473 llerricus
647 2409 777 2494 pellifex
809 2424 918 2472 contra
942 2411 1096 2472 Iacobum
1123 2409 1293 2492 pellificem
1325 2425 1440 2474 octavo
1466 2412 1518 2473 die

256 2519 473 2602 respondebit.

361 2625 440 2686 Item
465 2623 642 2705 Gregorius
658 2622 742 2684 filius
759 2622 914 2683 Iohannis
937 2636 1045 2684 contra
1064 2621 1264 2704 Mychaelem
1288 2623 1396 2685 rufum
1413 2624 1521 2706 primo

257 2731 370 2792 citatus
394 2750 458 2792 non
484 2729 673 2811 comparuit.

365 2837 441 2898 Item
467 2836 552 2897 Iwan
577 2834 661 2896 filius
686 2833 792 2895 Mathe
817 2846 927 2895 contra
959 2834 1160 2896 Clementem
1193 2831 1297 2894 filium
1330 2833 1441 2895 Iacobi
1466 2853 1519 2895 oc·

259 2956 333 3003 tavo
358 2943 410 3004 dle
434 2941 651 3023 respondebit.

362 3047 440 3109 Item
467 3067 560 3107 causa
585 3045 735 3126 Gregorii
755 3046 873 3127 Angeli
894 3058 1004 3106 contra
1021 3044 1190 3105 Nicolaum
1218 3044 1388 3125 Hlebopelc
1413 3045 1456 3106 ita
1474 3059 1520 3107 est

256 3152 393 3233 judicata
419 3154 450 3213 in
475 3151 559 3213 facto
584 3151 750 3212 cuiusdam
776 3151 879 3227 vinee,
904 3149 991 3231 quod
1016 3150 1092 3231 quia
1117 3150 1281 3212 estImacio
1314 3150 1396 3212 dicte
1422 3151 1515 3212 vitree

256 3258 329 3340 plus
353 3277 450 3339 quam
474 3257 572 3318 altera
602 3256 766 3316 estimacio
799 3255 965 3315 cuiusdam
989 3255 1081 3316 vinee
1106 3255 1236 3316 alterius
1260 3254 1516 3337 Chrapcheuich,

259 3382 356 3443 quarn
382 3364 448 3444 ipse
473 3361 627 3422 Nicolaus
652 3361 683 3420 in
709 3359 933 3421 concambium
957 3359 1072 3420 habere
1104 3360 1266 3438 voluisset,
1291 3359 1418 3439 faceret,
1443 3361 1517 3423 ideo

256 3469 324 3550 ipsa
348 3469 442 3529 vinea
472 3467 512 3527 ad
544 3466 717 3527 emendum
750 3466 808 3547 ipsi
841 3466 976 3527 Nicolao
1000 3479 1048 3526 est
1078 3465 1277 3545 adjudicata3
1314 3467 1381 3548 ipse
1406 3481 1515 3530 autem

255 3573 409 3634 Nicolaus
433 3573 551 3633 dictam
575 3590 701 3631 causam
727 3571 766 3631 ad
792 3571 941 3651 antiquos
965 3566 1086 3649 iudices
1109 3571 1293 3653 appellavit.

363 3679 440 3738 Item
464 3676 741 3756 adjudicaci0nem
770 3676 892 3737 domiui
917 3676 1042 3738 Nicolai
1074 3677 1300 3760 archydiaconi
1325 3678 1519 3741 kathedralis

256 3782 340 3865 juxta
367 3782 601 3843 continenciam
635 3781 822 3863 (literarum)
846 3801 974 3843 suarum
1000 3783 1120 3843 Iacobo
1145 3781 1212 3843 filio
1236 3782 1321 3844 lwan
1346 3782 1461 3845 factam
1488 3800 1519 3846 et

256 3887 353 3948 latam
376 3907 433 3968 per
457 3885 606 3964 eundern,
631 3886 738 3967 quoad
755 3906 867 3948 omnes
885 3887 952 3948 eius
968 3887 1118 3949 articulos
1142 3888 1362 3969 approbarunt
1386 3902 1417 3950 et
1442 3890 1517 3950 rati·

256 3989 400 4052 ficarunt.
500 4062 514 4088 ⁶

360 4096 462 4158 Nota!
487 4097 575 4177 quod
593 4097 773 4178 Stephanus
792 4098 929 4159 condam
949 4098 1134 4160 tributarius
1151 4098 1190 4160 de
1208 4098 1313 4180 Kolpa
1333 4099 1518 4182 Philippum

255 4200 358 4262 filium
384 4202 485 4263 Mauri
512 4203 639 4264 racione
664 4202 829 4263 cuiusdam
853 4203 962 4263 tributi
986 4203 1046 4264 sibi
1072 4203 1111 4265 de
1136 4203 1269 4265 ‘centum
1293 4219 1324 4266 et
1348 4217 1420 4266 octo
1446 4225 1516 4266 cur-

260 4306 349 4366 ribus
372 4308 599 4388 provenientis,
632 4323 776 4388 tempore
810 4307 933 4368 domini
956 4309 1039 4369 Petri
1065 4309 1201 4370 condam
1235 4311 1308 4370 bani
1333 4330 1389 4392 per
1413 4311 1518 4393 ipsum

257 4409 443 4493 Philippum
468 4413 506 4472 de
533 4413 698 4493 Hungaria
722 4413 897 4489 conductis,
923 4414 1083 4474 commisit
1109 4415 1304 4496 expeditum.

363 4516 440 4578 Item
466 4518 584 4579 Paulus
608 4519 710 4599 pictor
734 4517 898 4597 quoddam
923 4518 1076 4580 celarium
1109 4538 1203 4580 suum
1227 4520 1389 4582 desertum
1414 4541 1517 4603 usque

256 4617 371 4681 festum
397 4621 620 4684 penthecostes
644 4623 740 4683 debet
763 4641 938 4703 expurgare
956 4637 986 4685 et
1009 4643 1125 4704 aquam
1151 4644 1187 4685 ex
1206 4625 1321 4686 eodem
1339 4626 1518 4706 exhaurire,

255 4725 393 4787 vendere
417 4740 472 4788 aut
495 4727 628 4789 edificiis
658 4728 809 4789 decorare
839 4728 898 4788 sub
923 4749 1004 4810 pena
1037 4728 1150 4809 viginti
1175 4748 1374 4807 marcarum3
1400 4745 1433 4794 et
1456 4731 1518 4794 hoc
