3472 5234
269 384 329 442 150
628 365 715 421 Anno
738 360 832 440 1378.
856 398 900 406 -
916 377 951 440 3.
974 362 1148 437 septembris.

372 574 451 637 Item
469 594 563 637 causa
587 575 713 637 Nicolai
739 575 905 636 assessoris
937 588 969 636 et
993 574 1148 637 Anthonii
1173 575 1276 637 Reniz
1308 588 1355 637 est
1383 594 1440 657 per
1464 576 1532 638 Ma-

264 701 377 743 renum
407 694 438 742 et
463 681 678 743 Laurentium
703 681 743 742 ad
768 694 842 742 octo
866 681 934 742 dies
958 694 1084 763 recepta
1108 681 1149 742 ad
1173 700 1297 765 pacem.

372 788 451 850 ltem
473 787 606 849 domina
630 788 740 849 relicta
765 787 944 849 Sabastiani
978 800 1087 849 contra
1113 786 1315 870 Mychaelem
1339 802 1454 850 octavo
1478 787 1531 850 die

264 892 484 975 respondebit.

370 999 450 1061 Item
468 999 620 1061 Nicolaus
644 1018 782 1060 assessor
798 1012 912 1060 octavo
936 999 990 1063 die
1006 1020 1062 1081 per
1079 999 1258 1062 iohannem
1284 1000 1409 1078 Lieber,
1428 999 1530 1063 Geor·

263 1106 354 1187 gium
379 1105 541 1167 literatum
566 1119 597 1167 et
621 1105 767 1167 Markum
792 1106 940 1167 atestabit
971 1105 1059 1187 quod
1084 1105 1232 1188 Mychael
1256 1106 1416 1190 Damyani
1440 1126 1531 1169 suam

264 1231 397 1274 uxorem
420 1211 568 1294 turpibus
592 1211 698 1273 verbis
722 1210 885 1273 affecisset.

371 1318 447 1379 ltem
473 1336 566 1379 causa
591 1317 721 1378 Renarii
747 1330 778 1378 et
801 1315 956 1379 lobannis
982 1317 1096 1378 Lieber
1120 1331 1167 1380 est
1189 1337 1246 1400 per
1270 1318 1465 1380 Mauricium
1481 1338 1531 1380 re·

264 1438 354 1505 cepta
379 1423 419 1485 ad
443 1443 566 1507 pacem.

369 1530 448 1592 Item
473 1529 656 1592 Anthonius
680 1529 805 1591 Jursich
829 1543 939 1590 contra
966 1529 1080 1590 Paulas
1099 1530 1204 1610 primo
1218 1531 1331 1592 citatus
1354 1550 1419 1592 non
1443 1550 1531 1592 com·

263 1636 379 1718 paruit.

370 1742 449 1803 ltem
474 1740 630 1802 Martinus
655 1740 828 1822 Hungarus
852 1753 962 1802 contra
992 1741 1225 1821 Margaretham
1250 1741 1393 1804 secundo
1418 1742 1531 1804 citatus

265 1869 331 1910 non
361 1847 551 1929 comparuit.

371 1954 450 2014 Item
474 1971 569 2013 causa
600 1952 721 2013 Mareni
753 1966 784 2014 et
816 1952 944 2014 Andree
976 1966 1022 2014 est
1054 1971 1111 2034 per
1134 1951 1256 2034 judices
1287 1953 1327 2014 ad
1359 1968 1432 2015 octo
1462 1953 1531 2015 dies

263 2073 445 2143 prorogata.

371 2165 450 2227 ltem
475 2165 600 2228 Blasius
620 2165 768 2227 sacerdos
802 2164 841 2226 de
867 2164 955 2227 Odra
988 2164 1122 2227 domino
1147 2166 1282 2227 Nicolao
1311 2165 1452 2247 plebano
1476 2185 1530 2227 sex

263 2292 386 2334 marcas
411 2270 617 2333 denariorum
642 2272 675 2332 in
707 2270 881 2352 quindenis
912 2271 1063 2349 exsolvet,
1094 2271 1240 2352 alioquin
1271 2290 1363 2333 suam
1395 2269 1529 2333 domum

263 2379 323 2440 sibi
347 2391 535 2440 statuemus.
983 2384 992 2395 ⁸

370 2483 449 2545 ltem
468 2482 615 2565 Mychael
640 2495 754 2543 octavo
779 2483 831 2543 die
856 2496 966 2544 contra
994 2483 1102 2544 Mathe
1124 2502 1261 2564 puerum
1285 2502 1318 2544 se
1341 2483 1459 2544 tercius
1481 2481 1529 2564 ju-

263 2588 355 2666 rabit,
380 2601 414 2649 ut
439 2588 505 2671 ipse
529 2588 656 2649 nullum
681 2588 803 2649 malum
827 2588 887 2655 sibi
913 2588 1081 2650 intulisset.

368 2693 447 2756 laem
471 2693 625 2756 Clemens
648 2713 682 2755 se
706 2695 867 2756 secundus
890 2693 1008 2774 jurabit
1024 2708 1139 2756 octavo
1163 2693 1216 2755 die
1241 2694 1330 2775 quod
1355 2695 1461 2777 ipsum
1479 2694 1529 2755 Zi-

263 2799 372 2883 tarych
399 2801 431 2862 in
456 2820 554 2862 manu
581 2800 790 2862 vulnerasset.

368 2906 447 2968 Item
472 2926 566 2968 causa
590 2904 729 2967 Vardich
754 2921 785 2967 et
809 2905 964 2968 lobannis
987 2919 1034 2967 est
1057 2925 1114 2987 per
1136 2905 1277 2986 judicem
1301 2905 1341 2966 ad
1365 2918 1438 2966 octo
1462 2904 1530 2965 dies

262 3026 444 3095 prorogata.

370 3118 449 3179 Item
475 3118 586 3178 Petrus
604 3117 745 3178 decanus
762 3117 900 3178 Johanni
919 3116 1035 3178 Lieber
1058 3116 1138 3178 duas
1155 3136 1276 3179 marcas
1300 3117 1333 3179 in
1358 3115 1530 3198 quindenis

264 3223 428 3306 persolvet
451 3238 482 3284 et
506 3222 601 3304 judici
627 3223 768 3283 mediam
793 3242 942 3284 marcam.

371 3329 449 3391 ltem
474 3328 650 3411 Dyonisius
673 3342 762 3390 sutor
791 3342 838 3391 est
869 3328 1034 3390 convictus
1058 3328 1090 3389 in
1114 3329 1143 3389 X
1175 3328 1307 3404 marcis;
1330 3328 1397 3410 ipse
1422 3340 1528 3388 autem

263 3435 438 3518 Dyonisius
463 3435 564 3517 ipsam
589 3454 717 3495 causam
743 3434 782 3496 ad
807 3435 957 3515 antiquos
978 3434 1100 3514 judices
1123 3434 1308 3515 appellavit.

372 3541 449 3603 ltem
468 3541 635 3601 ladislaus
652 3541 741 3601 Jelke
758 3540 864 3622 puelle
882 3541 914 3600 in
932 3540 1104 3620 quindenis
1120 3540 1200 3601 duas
1216 3559 1338 3602 marcas
1355 3540 1523 3622 persolvet.

369 3647 447 3708 ltem
471 3665 565 3707 causa
595 3644 727 3726 Georgii
759 3660 790 3707 et
814 3645 961 3728 Zitarych
993 3660 1039 3708 est
1062 3666 1118 3728 per
1141 3645 1264 3726 judices
1295 3644 1335 3706 ad
1360 3657 1434 3706 octo
1458 3644 1527 3705 dies

262 3769 444 3838 prorogata.

370 3861 449 3922 Item
474 3859 650 3942 Gregorius
674 3872 789 3921 octavo
814 3858 866 3920 die
891 3878 947 3940 per
964 3859 1103 3919 Rorlram
1127 3871 1159 3919 et
1182 3857 1354 3939 Zequirich
1370 3859 1527 3920 atestabit.

370 3967 449 4029 Item
473 3965 626 4027 Nicolaus
650 3979 696 4027 est
728 3965 893 4026 convictus
917 3964 949 4024 in
973 3965 1002 4025 X
1027 3965 1141 4025 marcis
1165 3963 1371 4026 denariorum
1395 3962 1453 4045 pro
1478 3982 1528 4042 eo,

264 4073 340 4154 quia
365 4073 523 4154 quosdam
548 4073 648 4133 boves
673 4071 837 4154 Stephano
861 4069 1006 4132 Pundicb
1037 4071 1209 4131 remisisset
1232 4083 1263 4132 et
1286 4070 1419 4132 demum
1442 4088 1528 4131 rece·

265 4180 373 4262 pisset,
395 4193 490 4260 prout
512 4178 574 4239 hoc
598 4198 656 4239 suo
681 4177 867 4239 testimonio
892 4176 1072 4259 Stephanus
1093 4175 1237 4238 Pundicb
1269 4177 1425 4254 atestavit,
1450 4188 1528 4258 puta

264 4283 416 4367 Gyurgels
433 4285 663 4356 calcariparum
687 4296 718 4344 et
735 4282 925 4359 Habouich3
950 4283 1016 4365 ipse
1034 4296 1140 4344 autem
1158 4283 1312 4345 Nicolaus
1335 4283 1438 4365 ipsam
1454 4301 1529 4344 cau·

262 4410 330 4451 sam
355 4390 395 4452 ad
420 4390 570 4471 antiquos
593 4388 715 4472 judices
739 4388 912 4471 appellavit
935 4388 976 4448 ad
1000 4388 1168 4450 sabbatum
1193 4407 1278 4450 nunc
1302 4389 1484 4451 instantem.

370 4495 448 4558 ltem
481 4494 653 4557 Chuethko
685 4513 759 4556 cum
789 4494 855 4555 suis
885 4494 980 4555 sociis
1011 4507 1120 4556 contra
1156 4493 1357 4556 Anthonium
1388 4493 1528 4576 juratum

263 4601 369 4683 primo
394 4601 480 4664 citati
506 4621 572 4663 non
596 4614 853 4683 comparuerunt

371 4707 450 4769 ltem
473 4708 625 4789 magister
641 4706 803 4769 lohannes
827 4705 961 4789 Crispus
976 4704 1087 4769 contra
1103 4705 1275 4768 Nicolaum
1292 4706 1392 4769 tercio
1415 4707 1529 4769 citams

319 4830 333 4871 ι
354 4813 546 4896 comparuit.
