3472 5234
239 343 300 404 114
617 328 703 383 Anno
725 323 816 402 1378.
841 360 883 369 -
907 322 959 386 26.
983 325 1095 387 martii.

340 537 417 599 Item
443 536 606 599 Iohannes
628 550 730 599 sartor
761 550 871 599 contra
903 535 1079 617 Georgium
1106 536 1287 618 Mykouche
1316 537 1422 620 prImo
1453 538 1497 600 ci-

232 656 317 706 tatus
340 662 405 704 non
431 642 621 724 comparuit.

339 749 417 810 Item
442 748 522 810 alter
546 747 708 810 Iohannes
732 761 842 811 contra
866 747 971 830 ipsum
1004 746 1183 829 Georgium
1209 767 1274 809 non
1306 749 1497 831 comparuit.

340 855 418 916 Item
443 873 537 916 causa
559 853 668 932 Iwani,
694 853 846 937 Stephani
872 866 903 915 et
926 854 993 915 Balr
1022 867 1068 916 est
1092 874 1149 937 per
1174 853 1292 915 Lucam
1318 867 1350 916 et
1372 855 1497 917 Antho-

234 962 324 1023 nium
349 960 389 1021 ad
414 972 487 1021 octo
512 959 581 1021 dies
605 973 730 1042 recepta
755 959 795 1022 ad
820 979 942 1042 pacem.

339 1066 418 1127 Item
443 1066 556 1127 Petrus
578 1078 689 1127 contra
713 1067 861 1128 Markum
885 1067 991 1149 primo
1016 1066 1129 1127 citatus
1151 1084 1216 1127 nou
1241 1065 1430 1148 comparuit.

341 1171 418 1233 Item
444 1170 579 1253 Petrych
604 1184 715 1233 contra
746 1171 906 1234 lanchech
936 1170 1135 1234 aurifabrum
1165 1173 1270 1253 primo
1294 1171 1409 1233 citatus
1432 1190 1497 1232 non

234 1277 425 1360 comparuit.

340 1383 418 1445 Item
443 1382 545 1444 Elena
561 1382 679 1445 mulier
703 1381 842 1444 condam
858 1401 938 1444 uxor
959 1382 1126 1444 Benedicti
1151 1382 1250 1444 Pazar
1274 1382 1314 1444 ad
1337 1381 1498 1463 justiciam

233 1490 339 1572 prImo
364 1490 396 1550 in
421 1487 492 1551 foro
516 1489 712 1571 proclamata
729 1501 858 1571 propter
881 1508 993 1550 necem
1011 1489 1110 1571 ipsius
1123 1488 1289 1551 Benedicti
1314 1508 1381 1551 non
1397 1488 1496 1566 veuit,

234 1615 340 1677 neque
372 1596 459 1657 misit
482 1594 521 1656 ad
545 1594 819 1678 respondendum.

340 1702 418 1763 Item
443 1701 552 1764 Mathe
577 1713 608 1763 et
632 1700 812 1783 Stephanus
840 1715 950 1763 contra
982 1720 1116 1783 parvum
1142 1700 1256 1783 Elyam
1281 1701 1387 1783 primo
1411 1700 1498 1763 citati

235 1828 300 1870 non
326 1820 584 1890 comparuerunt.

340 1912 419 1974 Item
450 1913 604 1974 Nicolaus
635 1912 761 1975 Crisani
794 1914 879 1975 Luce
908 1913 964 1975 VII
996 1932 1119 1975 marcas
1143 1926 1174 1976 et
1197 1914 1256 1974 XX
1291 1912 1441 1974 denarios
1465 1912 1498 1973 iu

235 2017 408 2100 quindenis
432 2017 627 2100 (persolvet).

359 2255 503 2326 Sabbata
534 2256 698 2344 sequenti,
726 2254 934 2342 adjudicatio
957 2256 1108 2343 judicum
1138 2257 1366 2346 antiquorum.

761 2424 825 2501 (20.
848 2426 972 2502 martti).

341 2581 449 2642 Primo
474 2581 611 2664 Mykech
635 2580 720 2643 filius
744 2582 872 2644 Martini
902 2582 1003 2644 Paulo
1034 2583 1192 2666 Chaplich
1218 2584 1297 2646 duaa
1321 2604 1444 2646 marcas
1468 2598 1499 2647 et

235 2687 336 2769 judici
359 2687 501 2749 mediam
525 2687 557 2749 iu
582 2687 755 2769 quindenis
778 2688 960 2770 persolvere
984 2689 1089 2752 debet.

340 2793 419 2855 Item
447 2813 556 2855 causas
580 2793 736 2856 Anthonii
753 2794 855 2855 Reniz
878 2808 909 2856 et
938 2794 1055 2879 Gyuan
1080 2796 1207 2876 Gallici,
1231 2797 1357 2859 Nicolai
1374 2796 1499 2859 Odolas

235 2911 266 2961 et
291 2898 424 2979 Georgii
447 2898 552 2980 jurati,
584 2919 642 2961 nec
673 2918 739 2961 non
772 2900 871 2961 Marci
903 2899 1025 2963 Gemez
1050 2916 1081 2964 et
1104 2901 1236 2984 Georgii
1269 2904 1309 2965 ad
1331 2917 1404 2966 octo
1429 2903 1499 2967 dies

234 3023 447 3086 prorogamus
471 3005 708 3087 perhemptorie
733 3005 936 3068 decidendas.

419 3237 515 3311 Feria
544 3249 641 3312 sexta
670 3245 823 3330 proxima
852 3251 929 3316 ante
958 3245 1156 3317 dominicam
1185 3246 1313 3319 letare.

764 3408 832 3490 (26.
856 3411 981 3494 martti).

343 3564 452 3626 Primo
478 3565 633 3627 Salomon
657 3581 766 3629 contra
790 3568 929 3631 Brumen
961 3584 1075 3633 octavo
1100 3571 1152 3633 die
1175 3573 1392 3655 respondebit.

343 3669 422 3731 Item
446 3690 541 3732 causa
567 3672 684 3755 Stepan
711 3688 741 3736 et
762 3675 899 3737 Wllrech
925 3691 971 3739 est
987 3697 1043 3760 per
1067 3679 1268 3741 Anthonium
1292 3694 1433 3743 sutorem
1459 3682 1499 3744 ad

238 3773 350 3837 feriam
376 3776 506 3837 terciam
531 3792 656 3860 recepta
680 3778 720 3840 ad
745 3799 867 3860 pacem.

341 3881 419 3942 Item
437 3880 596 3965 Georgius
619 3897 649 3945 et
667 3884 792 3966 Cupich
817 3899 927 3948 contra
943 3885 1115 3954 Nicolaum
1129 3890 1231 3953 filium
1250 3893 1377 3956 Crisani
1392 3895 1499 3976 primo

237 3985 323 4047 citati
348 4005 414 4047 non
437 4003 696 4070 comparuerunt.

342 4091 420 4153 Item
447 4113 540 4156 causa
566 4092 692 4159 Nicolai
718 4097 841 4159 Odolas
863 4112 894 4160 et
911 4100 1009 4161 Marci
1034 4100 1110 4163 dicti
1135 4102 1238 4166 Putan
1263 4119 1310 4167 est
1333 4126 1390 4190 per
1405 4120 1501 4170 testes

235 4195 275 4256 ad
300 4195 412 4259 feriam
436 4200 566 4261 terciam
591 4216 716 4285 recepta
741 4203 780 4264 ad
805 4223 927 4286 pacem.

345 4320 424 4382 Item
449 4323 627 4406 Georgius,
659 4325 842 4388 Anthonius
873 4341 904 4389 et
934 4329 1045 4391 Miclin
1076 4330 1170 4411 jurati
1201 4349 1313 4397 contra
1343 4337 1499 4400 Iacobum

236 4422 316 4486 Bole
341 4440 454 4489 octavo
479 4428 530 4491 die
555 4431 797 4513 respondebunt
819 4446 950 4515 propter
978 4435 1117 4516 quedam
1141 4439 1303 4523 vituperia
1324 4441 1385 4503 sibi
1409 4442 1499 4506 illata

235 4548 292 4610 per
315 4531 457 4595 eosdem.

341 4636 419 4699 Item
456 4639 534 4701 Pasa
569 4655 678 4703 contra
715 4642 878 4706 Geninum
914 4665 1104 4709 assessorem
1139 4651 1245 4731 primo
1281 4653 1395 4717 citatus
1433 4675 1500 4719 non

236 4741 427 4820 comparuit.
1486 4763 1489 4768 ’
