3472 5234
640 383 725 439 Anno
748 377 840 458 1383.
866 413 905 424 -
932 377 963 440 6.
979 381 1073 455 junii.
1431 398 1489 441 201

233 488 543 497 ——--—-—-

338 593 415 654 ltem
441 613 534 655 causa
569 592 737 655 Gerardini
771 604 879 654 contra
904 592 1081 674 Symonem
1106 591 1207 653 filium
1241 590 1431 673 Chepernye
1455 591 1495 652 ad

232 713 382 762 octavum
408 699 493 760 diem
518 713 564 760 est
591 711 772 781 prorogata.

338 806 416 868 Item
450 804 661 882 fideiussores,
694 805 748 885 qui
773 817 886 866 sunta
913 804 998 865 lwan
1023 803 1090 865 filio
1125 804 1243 882 Mathe,
1267 803 1404 865 Nicolao
1428 800 1495 863 filio

234 912 358 973 Odolas
382 932 483 992 usque
508 910 688 992 quindenas
705 911 806 992 ipsam
831 910 1070 972 fideiussionem
1088 910 1213 971 solvere
1238 910 1356 971 debent
1375 910 1496 989 absque

233 1018 342 1098 aliqua
358 1017 501 1078 ulteriori
513 1017 684 1095 dilacione,
697 1016 846 1078 videlicet
860 1018 913 1098 qui
928 1031 1001 1078 sunt
1017 1017 1158 1098 inscripti
1174 1017 1205 1077 in
1221 1016 1358 1097 quadam
1373 1014 1496 1076 cedula.

338 1123 416 1184 ltem
442 1123 605 1184 lohannes
637 1122 722 1185 lilius
747 1123 865 1184 Donati
891 1122 1034 1203 Georgio
1066 1123 1163 1184 Loter
1194 1141 1294 1204 usque
1317 1121 1496 1203 quindenas

233 1249 289 1311 pro
315 1229 445 1290 vulnere
471 1249 529 1290 suo
555 1230 699 1310 quinque
724 1248 845 1290 marcas
869 1230 981 1290 solvet.

339 1336 416 1396 ltem
441 1335 576 1418 Mykech
609 1349 697 1396 sutor
729 1335 871 1396 secundo
903 1355 935 1396 se
960 1348 1074 1396 octavo
1107 1334 1159 1396 die
1183 1353 1278 1416 super
1303 1353 1341 1394 eo
1368 1333 1496 1414 jurabit,

233 1441 321 1521 quod
345 1442 450 1522 ipsum
476 1442 599 1523 Symon
624 1442 767 1502 literatus
791 1442 996 1503 vulnerasset.

341 1548 418 1608 Item
440 1547 544 1608 lwana
562 1547 677 1609 mulier
702 1567 831 1609 consors
850 1548 963 1609 Kusilo
983 1562 1096 1609 octavo
1114 1547 1165 1607 die
1183 1566 1278 1628 super
1302 1566 1341 1608 eo
1365 1545 1493 1627 jurabit,

232 1653 321 1733 quod
339 1653 405 1735 ipsa
423 1653 587 1734 quoddam
607 1654 714 1715 vinum
733 1654 814 1715 circa
832 1655 934 1736 ipsam
951 1673 1016 1715 non
1038 1673 1096 1736 pro
1113 1653 1360 1714 conservacione
1373 1652 1495 1733 aliqua,

235 1757 293 1817 nisi
312 1778 369 1839 pro
387 1778 445 1819 suo
471 1758 590 1837 debita,
608 1759 757 1821 videlicet
775 1760 884 1821 decem
910 1779 1099 1838 marcarum,
1124 1759 1240 1840 quibus
1257 1759 1317 1819 sibi
1336 1757 1496 1837 Georgius

233 1863 358 1925 debitor
381 1863 508 1941 fuisset;
533 1864 715 1927 Anthonius
730 1880 838 1928 autem
860 1868 961 1948 ipsam
986 1885 1114 1927 causam
1132 1865 1171 1925 ad
1195 1865 1345 1945 antiquos
1369 1863 1492 1945 judices

232 1971 415 2052 appellavit.
441 1974 515 2050 (sic.)

288 2187 385 2262 laria
410 2195 518 2263 tercia
545 2196 701 2282 proxima
729 2202 807 2265 ante
834 2194 957 2265 festum
984 2195 1074 2265 beati
1105 2193 1255 2265 Bernaba
1285 2191 1440 2282 apostoli.

775 2348 819 2424 (9.
835 2350 943 2425 junii).

340 2485 417 2548 ltem
437 2487 567 2548 domina
593 2487 702 2550 relicta
728 2488 810 2549 lwan
829 2488 885 2549 lilii
903 2488 988 2549 lwan
1014 2502 1112 2550 terras
1136 2487 1272 2548 arabiles
1288 2505 1344 2568 per
1370 2485 1496 2546 Mikech

234 2591 334 2653 filium
361 2593 473 2655 Hanch
498 2595 642 2675 predicto
667 2594 752 2656 lwan
776 2595 856 2656 olim
881 2595 1109 2676 inpignoratas,
1134 2593 1249 2654 eodem
1275 2591 1373 2652 modo
1399 2603 1496 2673 prout

233 2714 306 2759 sunt
330 2699 543 2780 inpignorata,
567 2701 758 2781 cuicumque
794 2701 929 2762 voluerit
961 2701 1061 2762 libere
1086 2719 1144 2782 pro
1177 2699 1288 2760 eadem
1315 2697 1493 2778 quantitate

178 2876 191 2893 .
233 2805 368 2885 pecunie
392 2819 497 2886 potest
521 2807 737 2889 inpignorare.

339 2910 416 2972 ltem
441 2912 573 2974 domina
603 2914 707 2974 lwana
739 2915 847 2976 relicta
879 2913 1003 2975 Nicolai
1037 2926 1145 2974 contra
1180 2910 1358 2991 Georgium
1390 2910 1495 2992 primo

234 3016 326 3078 citata
351 3038 416 3080 non
441 3020 630 3101 comparuit.

339 3124 417 3185 ltem
442 3125 587 3187 Thomas
611 3142 720 3189 contra
746 3126 872 3189 Mikech
896 3124 998 3187 filium
1024 3126 1148 3187 Nicolai
1174 3124 1278 3207 primo
1297 3125 1409 3187 citatus
1428 3145 1494 3187 non

234 3232 422 3311 comparuit.

338 3336 416 3399 ltem
443 3338 586 3400 Thomas
610 3338 694 3401 filius
726 3339 853 3421 Dragen
884 3353 994 3401 contra
1018 3339 1219 3401 Anthonium
1244 3340 1348 3422 primo
1381 3341 1496 3403 citatus

234 3459 297 3500 non
323 3443 512 3524 comparuit.

339 3547 416 3610 ltem
442 3569 535 3611 causa
560 3549 738 3613 Clementis
760 3552 914 3614 carnificis
938 3565 1047 3615 contra
1071 3552 1247 3634 Georgium
1274 3553 1369 3614 Loter
1394 3565 1425 3614 et
1442 3553 1494 3614 Jo-

233 3649 371 3714 hannem
396 3653 529 3735 figulum
554 3656 594 3717 ad
619 3670 767 3719 octavum
792 3658 878 3720 diem
903 3658 942 3720 ad
967 3678 1078 3741 pacem
1102 3672 1148 3721 est
1172 3672 1308 3741 recepta.

339 3760 417 3822 ltem
431 3760 596 3824 Dionisius
620 3763 704 3825 filius
730 3765 869 3827 Lorandi
896 3786 991 3848 super
1023 3766 1274 3848 interempcione
1299 3766 1396 3827 lalus
1428 3786 1493 3828 car-

234 3865 369 3943 pentarii
394 3867 492 3928 nostri
519 3869 668 3949 concivis,
686 3869 776 3951 (h)eri
803 3871 834 3931 in
860 3868 930 3932 foro
950 3871 1091 3951 legitime
1116 3871 1156 3931 ad
1173 3884 1354 3952 presentem
1379 3869 1492 3932 leriam

234 3971 365 4032 terciam
389 3973 604 4054 proclamatus
628 3992 736 4038 contra
761 3990 941 4038 consortem
967 3977 1042 4038 dicti
1066 3977 1172 4055 Jalcus,
1197 3996 1262 4038 non
1287 3978 1384 4039 venit.

339 4077 416 4139 ltem
442 4078 602 4160 Georgius
626 4082 845 4144 stachunarius
869 4096 978 4145 contra
1003 4083 1182 4145 iohannem
1208 4083 1304 4144 Liber
1327 4084 1432 4166 primo
1450 4085 1492 4145 ci-

232 4193 316 4243 tatus
336 4203 401 4246 non
426 4188 615 4268 comparuit.

341 4291 418 4352 ltem
456 4291 614 4374 Georgius
649 4294 789 4356 famulus
826 4294 973 4376 Gregorii
1016 4310 1125 4358 contra
1161 4301 1288 4359 Annam
1325 4297 1494 4360 mulierem

234 4395 337 4476 primo
364 4397 476 4459 citatus
501 4419 564 4461 non
591 4401 779 4481 comparuit.

339 4502 417 4565 ltem
441 4504 583 4567 Briccius
606 4505 735 4588 sellipar
759 4521 869 4568 contra
894 4506 1101 4589 Dragonyam
1125 4523 1265 4571 sutorem
1291 4512 1434 4574 secundo
1452 4513 1494 4574 ci·

234 4620 316 4669 tatus
341 4630 405 4671 non
431 4612 621 4693 comparuit.

339 4716 415 4777 Item
434 4717 548 4780 Valesa
573 4732 683 4780 contra
708 4719 878 4781 Nicolaum
903 4719 1004 4781 filium
1030 4720 1144 4781 Kusilo
1169 4721 1274 4807 primo
1291 4724 1404 4789 citatus
1427 4744 1493 4793 non

233 4822 422 4904 comparuit.
