3472 5234
654 355 739 410 Anno
762 362 850 430 1375.
874 387 917 396 —
939 367 969 414 2.
993 355 1102 415 martr'r'.
1487 378 1502 436 5

310 566 408 642 lerla
435 578 535 644 sexta
562 576 717 662 proxima
745 578 822 661 post
848 572 973 643 festum
1000 574 1090 644 beati
1118 572 1255 663 Mathey
1282 575 1437 663 apostoli.

775 721 820 805 (2.
844 727 969 802 marris).

344 863 453 926 Primo
471 883 564 926 causa
580 863 707 926 Nicolai
728 877 760 926 et
777 862 910 947 Georgii
927 878 974 927 est
989 885 1046 948 per
1063 865 1263 948 Stephanum
1279 880 1310 929 et
1327 866 1504 949 Syrnonem

239 969 280 1031 ad
302 969 443 1052 primum
467 969 622 1052 judicium
646 983 718 1053 post
740 971 844 1032 carnis
866 970 1007 1053 privium
1023 983 1148 1054 recepta
1173 971 1214 1034 ad
1236 991 1359 1055 pacem.

344 1075 423 1137 ltem
447 1095 543 1138 causa
565 1079 658 1138 Anne
683 1089 714 1138 et
737 1076 888 1139 Peterlini
912 1089 959 1139 est
985 1097 1043 1160 per
1065 1090 1160 1141 testes
1191 1077 1232 1139 ad
1254 1078 1397 1160 primurn
1420 1076 1504 1160 judi-

239 1181 325 1243 cium
346 1195 472 1265 recepta
498 1181 539 1244 ad
561 1201 684 1265 pacem.

344 1287 422 1349 Item
446 1289 584 1350 lacobus
606 1288 711 1370 primo
735 1287 855 1370 judicio
879 1302 951 1372 post
972 1289 1076 1351 carnis
1098 1289 1238 1372 privium
1254 1309 1311 1372 per
1336 1290 1410 1354 Uulr
1434 1310 1503 1354 mo·
1553 1298 1555 1302 ”

239 1391 485 1473 lendinatorem,
510 1394 606 1474 Mate,
639 1395 773 1474 Mareas,
806 1394 1040 1476 Margaretham
1072 1395 1220 1458 atestabit
1250 1395 1338 1478 qood
1363 1396 1503 1478 quadam

240 1497 355 1560 domus
378 1517 506 1582 semper
529 1498 570 1561 ad
594 1500 777 1583 superstites
794 1500 925 1563 deberet
952 1519 1127 1581 remanere,
1144 1500 1200 1561 sed
1217 1521 1282 1563 non
1307 1501 1503 1566 venditioni.

344 1603 423 1667 ltem
437 1603 597 1688 Georgius
608 1608 704 1689 rybar
715 1626 772 1689 per
787 1603 958 1672 Nicolaum
972 1606 1193 1689 joculatorem,
1207 1607 1337 1669 Marlrua
1353 1608 1503 1691 Pechich,

240 1711 374 1791 Mareas,
400 1711 528 1774 Milrech
551 1712 740 1792 institorem,
765 1712 969 1775 Clementem
994 1725 1026 1774 et
1053 1711 1234 1776 Johannem
1256 1714 1385 1778 testabit
1407 1733 1504 1798 super

239 1835 332 1879 causa
356 1818 512 1900 premissa
536 1817 687 1880 videlicet
710 1818 778 1901 ipsa
802 1818 912 1881 domo.

344 1923 423 1986 ltem
446 1924 600 1986 Nicolaus
623 1924 708 1987 filius
731 1924 810 1986 Wllr
834 1937 943 1986 contra
967 1924 1138 1987 Nicolaum
1154 1925 1260 2007 primo
1284 1924 1405 2009 judicio
1429 1942 1502 2011 post

237 2028 340 2091 carnis
364 2029 505 2112 privium
529 2030 748 2113 respondebit.

341 2135 419 2197 ltem
436 2135 527 2198 Mark
550 2133 635 2198 filius
660 2134 781 2199 Gemze
805 2155 861 2218 per
886 2136 1049 2219 Mathyam
1074 2136 1177 2199 lilium
1204 2141 1359 2222 oroznylr,
1383 2139 1501 2203 Valen-

235 2239 350 2320 tinum,
375 2241 504 2304 Petrum
528 2254 559 2304 et
583 2242 754 2304 Nicolaum
779 2241 955 2304 Odolasich
978 2244 1136 2325 producet
1158 2244 1381 2307 testimonium
1404 2265 1500 2329 super

237 2364 288 2426 eo,
312 2346 400 2429 quod
416 2346 577 2410 'Clemens
600 2348 753 2410 Zirothlre
777 2349 947 2431 depascere
979 2348 1104 2411 fecisset
1127 2369 1200 2410 suas
1223 2348 1341 2433 fruges.

342 2453 421 2517 ltem
444 2473 539 2516 causa
562 2454 736 2516 testimonii
755 2454 938 2516 Salomonis
960 2468 1007 2517 est
1034 2454 1074 2516 ad
1091 2455 1232 2538 primum
1255 2455 1412 2538 judicium
1428 2473 1502 2541 post

237 2558 339 2621 carnis
362 2559 502 2642 privium
525 2575 707 2643 prorogata.

340 2664 419 2727 ltem
443 2666 588 2729 Andreas
612 2680 720 2729 contra
738 2668 910 2730 Lucasium
928 2667 1070 2730 secundo
1087 2668 1201 2730 citatus
1217 2687 1283 2730 non
1307 2670 1497 2752 comparuit.

343 2772 422 2835 ltem
440 2772 596 2834 Martinus
620 2772 719 2852 faber,
742 2786 778 2834 ut
801 2774 981 2856 assumpsit,
1005 2793 1060 2855 per
1077 2773 1247 2835 Nicolaum
1271 2773 1404 2855 Odolas,
1431 2775 1500 2838 Ste-

235 2876 377 2960 phanum
401 2879 547 2941 Pundich
572 2893 603 2941 et
619 2879 813 2962 Gregorium
830 2880 946 2963 Angeli
971 2893 1079 2941 contra
1097 2879 1277 2941 barnabam
1301 2881 1498 2943 sacerdotem

235 2984 455 3047 testimonium
480 2985 640 3067 produxit,
658 2984 746 3066 quod
764 2986 842 3047 alias
859 2983 945 3047 idem
963 2986 1125 3047 Barnabas
1140 2985 1288 3047 sacerdos
1304 2987 1499 3066 asseruisset,

237 3088 325 3171 quod
347 3103 420 3173 post
443 3090 609 3154 decessum
633 3091 787 3152 heredum
811 3090 959 3173 Gregorii
977 3091 1086 3153 Scorta
1104 3091 1213 3152 omnia
1236 3111 1292 3154 sua
1316 3094 1400 3155 bona
1426 3092 1499 3154 filiis

234 3192 338 3259 fratris
371 3197 420 3258 sui
453 3195 623 3259 dimisisset
652 3210 683 3258 et
714 3197 870 3278 legasset,
906 3197 1038 3278 quando
1069 3217 1190 3259 sacram
1234 3200 1499 3262 communionem

235 3299 398 3365 habuisset
421 3305 460 3365 ab
485 3303 611 3367 eodem.

340 3408 418 3472 Item
444 3410 590 3473 Andreas
613 3425 723 3474 contra
748 3410 907 3475 Janchech
931 3410 1074 3472 secundo
1087 3410 1200 3473 citatus
1223 3430 1289 3472 non
1307 3411 1497 3493 comparuit.

342 3517 420 3580 ltem
445 3537 539 3580 causa
562 3519 678 3581 ancille
709 3520 818 3581 relicte
842 3517 1004 3580 Bnrtuchii
1036 3516 1146 3579 estad
1176 3518 1317 3600 primum
1342 3516 1497 3598 judicium

235 3637 306 3705 post
329 3623 433 3686 carnis
456 3623 596 3706 privium
619 3638 801 3708 prorogata.

339 3729 416 3792 ltem
441 3728 538 3792 luana
561 3730 698 3793 Nicolao
722 3731 755 3793 in
779 3729 952 3812 quindenis
965 3731 1109 3810 quinque
1133 3748 1255 3791 marcas
1279 3728 1497 3810 denariorum,

234 3849 288 3898 aut
311 3835 378 3919 ipse
402 3836 555 3899 Nicolaus
577 3837 637 3899 sibi
663 3857 721 3920 pro
745 3836 885 3918 quadam
909 3835 1008 3898 domo
1031 3836 1144 3899 solvet.

339 3942 417 4005 ltem
442 3962 536 4005 causa
560 3943 649 4005 Banlr
673 3960 704 4004 et
728 3941 905 4025 Mychaelis
940 3956 986 4004 est
1009 3962 1066 4025 per
1096 3955 1191 4004 testes
1215 3941 1256 4003 ad
1279 3941 1420 4024 primum
1448 3942 1495 4024 ju-

234 4048 353 4111 dicium
378 4062 452 4132 post
474 4050 577 4112 carnis
599 4050 738 4133 privium
763 4063 889 4132 recepta
913 4048 953 4110 ad
978 4068 1099 4131 pacem.

339 4156 418 4219 ltem
441 4156 573 4219 domina
597 4157 773 4218 Markusini
797 4169 908 4218 contra
935 4155 1151 4236 Dragozlaum
1182 4154 1287 4237 primo
1311 4153 1405 4216 citata
1429 4173 1494 4216 non

232 4263 420 4346 comparuit.
1361 4333 1365 4339 .

339 4369 417 4433 ltem
442 4370 597 4432 Martinus
613 4382 713 4431 sartor
729 4368 858 4450 jobagio
878 4369 957 4430 Wllr
974 4367 1032 4430 filii
1057 4367 1164 4430 Lachlr
1180 4385 1289 4429 coram
1311 4365 1386 4427 sede
1411 4365 1494 4448 judi·

232 4474 328 4537 ciaria
352 4477 507 4556 atestavit,
532 4476 620 4558 quod
645 4476 710 4558 ipse
736 4475 898 4557 quendam
923 4494 1017 4537 suum
1042 4493 1173 4555 equum,
1196 4473 1248 4556 lyz
1273 4484 1304 4533 et
1326 4471 1493 4554 potonogh

233 4581 446 4644 anterioribus
458 4583 605 4664 pedibus,
620 4581 757 4644 lohanni
773 4580 839 4643 filio
850 4632 856 4643 .
869 4627 876 4642 .
888 4628 895 4642 .
909 4600 967 4662 pro
980 4594 1053 4642 octo
1062 4578 1191 4641 florenis
1200 4578 1269 4640 auri
1286 4576 1493 4640 vendidisset.

338 4687 415 4750 ltem
439 4687 521 4751 infra
544 4702 617 4751 octo
642 4687 710 4749 dies
733 4687 916 4750 Anthonius
941 4686 1043 4748 Reniz
1059 4685 1155 4747 debet
1177 4685 1303 4747 solvere
1328 4682 1492 4765 Stephano

232 4790 323 4854 fabro
345 4805 409 4856 tres
430 4813 552 4856 marcas
576 4793 792 4857 denariorum.
