3472 5234
653 283 739 339 Anno
762 278 855 357 1382.
881 314 920 323 -
946 278 977 341 ό.
993 279 1089 360 junii.

351 491 429 552 ltem
456 490 637 573 Stephanus
662 492 823 574 Pecohlep
857 505 967 554 contra
992 492 1177 553 Emericum
1208 491 1381 574 lapicidem
1405 493 1511 574 primo

246 598 358 659 citatus
381 618 448 660 non
472 598 661 680 comparuit.

351 706 429 767 ltem
455 704 584 765 Lachlro
614 702 780 786 Borchych
812 718 922 766 contra
954 704 1128 766 Martinum
1160 703 1314 786 Zelryrich
1339 704 1445 785 primo
1469 705 1512 765 ci·

245 825 329 872 tatus
354 831 418 871 non
444 810 634 891 comparuit.

351 916 429 978 ltem
454 916 569 976 Kusilo
593 929 702 976 contra
727 914 897 976 mulierem
922 913 1158 995 Margaretham
1182 913 1287 996 primo
1305 913 1421 976 citatus
1444 933 1509 975 non

248 1022 438 1103 comparuit.

353 1127 431 1188 ltem
456 1126 607 1187 dominus
631 1126 729 1187 abbas
751 1146 808 1208 per
825 1126 991 1187 dominam
1015 1127 1164 1204 Marsum,
1181 1138 1362 1187 consortem
1378 1123 1512 1186 Bartho-

249 1233 347 1295 lomei
373 1232 521 1314 lapicida,
547 1232 745 1314 Mykussium
771 1245 803 1293 et
827 1230 1020 1312 Gregorium
1052 1246 1166 1306 octavo
1190 1231 1242 1292 die
1266 1231 1327 1292 hoc
1352 1230 1510 1308 atestabit,

249 1339 337 1421 quod
363 1359 443 1400 uxor
461 1337 588 1400 Gerdalr
613 1337 769 1419 quasdam
795 1338 922 1398 vineam
947 1352 978 1399 et
1002 1335 1139 1399 fundum
1156 1337 1242 1399 dicto
1267 1337 1375 1398 abbati
1401 1350 1432 1397 et
1454 1355 1510 1397 sue

248 1446 380 1508 ecclesie
412 1446 563 1525 legasset;
599 1444 675 1504 item
708 1443 795 1504 idem
827 1441 956 1504 Gerdak
987 1457 1097 1504 contra
1121 1443 1260 1503 eundem
1296 1442 1446 1504 abbatem
1479 1441 1512 1503 in

249 1552 364 1613 eodem
389 1550 527 1612 termino
548 1549 696 1610 universa
725 1569 781 1610 sua
813 1548 892 1630 jura,
923 1549 948 1609 si
973 1568 1036 1629 qua
1060 1549 1167 1626 habet,
1198 1548 1377 1630 producere
1402 1548 1509 1610 debet.

355 1657 432 1719 ltem
458 1655 545 1737 quod
570 1655 646 1735 quia
670 1654 832 1716 lohannes
860 1653 945 1715 filius
977 1654 1085 1716 Bartol
1109 1654 1229 1715 Vidoni
1253 1653 1320 1715 filio
1345 1654 1427 1736 Elye
1450 1666 1511 1714 sta·

249 1763 404 1825 chunario
427 1781 486 1844 pro
510 1761 643 1823 vulnere
667 1780 725 1822 suo
743 1779 799 1841 per
822 1763 926 1841 ipsum
952 1759 1131 1820 Johannem
1149 1779 1244 1842 super
1260 1778 1394 1820 manum
1412 1758 1511 1840 ipsius

247 1868 385 1930 Vidonis
417 1881 598 1948 perpetrato
630 1866 804 1947 plenariam
830 1865 977 1946 inpendit
1000 1863 1273 1942 satisfaccionem,
1298 1864 1372 1925 ideo
1405 1864 1511 1946 ipsum

247 1974 427 2037 Johannem
444 1993 539 2054 super
555 1973 625 2053 ipso
642 1972 773 2033 vulnere
795 1970 995 2032 reddidimus
1018 1985 1049 2031 et
1066 1971 1287 2041 commisimus
1311 1969 1507 2051 expeditum.

357 2081 435 2142 ltem
461 2080 612 2140 Marenus
642 2078 781 2139 condam
812 2075 908 2156 judex
932 2090 963 2138 et
996 2076 1095 2138 Stefel
1126 2090 1236 2137 contra
1260 2075 1403 2136 Blasium
1427 2074 1510 2135 auri-

144 2194 146 2198 ’
247 2187 374 2248 fabrum
398 2187 503 2268 primo
528 2185 613 2245 citati
635 2204 700 2245 non
725 2197 984 2264 comparuerunt.

352 2293 429 2354 ltem
455 2290 566 2353 Custel
590 2304 700 2351 contra
724 2293 885 2370 Agoesam
909 2289 1014 2370 primo
1045 2289 1159 2349 citatus
1182 2308 1248 2349 non
1272 2287 1464 2369 comparuit.

353 2398 430 2459 ltem
464 2395 640 2476 Gregorius
671 2394 755 2457 filius
786 2394 941 2455 lobannis
972 2409 1082 2455 contra
1113 2394 1284 2456 Nicolaum
1318 2390 1510 2455 Gerbauech

247 2504 353 2585 primo
379 2503 492 2563 citatus
517 2522 582 2563 non
606 2501 795 2581 comparuit.

353 2608 432 2669 ltem
449 2607 539 2668 Hans
565 2605 643 2668 Scol
664 2620 775 2690 contra
807 2604 937 2667 Gerdak
967 2623 1131 2666 cursorem
1162 2605 1268 2686 primo
1300 2605 1414 2666 citatus
1446 2622 1510 2664 non

248 2716 438 2797 comparuit.

354 2821 432 2882 ltem
458 2818 618 2900 Georgius
643 2820 740 2879 loter
773 2831 882 2879 contra
908 2815 1102 2898 Gregorium
1134 2816 1272 2896 juratum
1296 2814 1439 2876 secundo
1468 2814 1511 2876 ci-

247 2941 330 2987 tatus
354 2945 417 2986 non
444 2925 634 3005 comparuit.

354 3031 432 3092 ltem
450 3030 604 3091 Nicolaus
628 3029 741 3110 Cygan
766 3043 876 3090 contra
908 3028 1046 3089 eundem
1074 3026 1267 3108 Gregorium
1301 3027 1444 3088 secundo
1468 3028 1510 3088 ci-

248 3152 331 3199 tatus
357 3156 422 3197 non
455 3135 644 3214 comparuit.

355 3241 433 3301 ltem
459 3239 620 3300 lohannes
644 3237 729 3299 lilius
745 3238 864 3300 chhk
888 3253 1002 3301 octavo
1020 3240 1071 3300 die
1095 3259 1190 3321 super
1214 3258 1252 3300 eo
1276 3239 1405 3320 jurabit,
1422 3239 1510 3319 quod

251 3349 316 3429 ipse
342 3347 400 3408 tria
425 3345 580 3426 quartalia
606 3344 646 3405 de
671 3344 768 3405 blado
800 3366 836 3406 ac
868 3345 980 3426 viginti
1005 3359 1143 3426 quatuor
1176 3345 1325 3406 denarios
1351 3344 1510 3427 Mychaeli

250 3450 501 3513 molendinatori
527 3449 653 3510 debitor
677 3469 742 3510 non
768 3448 874 3528 luerit,
896 3450 1023 3529 jurabit.

354 3556 432 3616 ltem
458 3555 611 3615 Nicolaus
635 3568 744 3616 contra
770 3556 865 3637 Myke
890 3556 995 3637 primo
1028 3556 1141 3616 citatus
1164 3575 1230 3616 non
1255 3555 1443 3637 comparuit.

354 3660 433 3721 ltem
465 3658 624 3740 Georgius
655 3659 739 3721 filius
772 3661 925 3742 Stephani
957 3675 987 3721 et
1026 3660 1188 3721 lohannes
1219 3659 1304 3721 filius
1341 3660 1511 3721 Laurencii
1576 3740 1577 3743 Ἴ

250 3765 348 3826 nostri
367 3764 556 3846 jobagiones
581 3765 774 3828 duodecimo
799 3787 832 3827 se
856 3765 1020 3826 nobilibus
1038 3780 1151 3826 octavo
1175 3766 1227 3827 die
1245 3785 1340 3847 super
1365 3785 1403 3826 eo
1428 3765 1511 3846 jura-

250 3871 338 3946 bunt,
364 3870 451 3950 quod
476 3871 572 3948 lwan‚
596 3891 681 3932 nunc
706 3872 864 3949 detentus,
889 3869 939 3931 lur
963 3871 1106 3951 ipsorum
1131 3869 1236 3932 fuerit.

250 4085 346 4158 laria
371 4095 468 4158 sexta
498 4094 652 4176 proxima
681 4100 757 4179 post
786 4089 909 4159 festum
937 4090 1164 4159 sacratissimi
1194 4092 1344 4177 corporis
1375 4088 1511 4160 Christi.

792 4236 838 4316 (ό.
855 4238 964 4317 junii).

355 4375 433 4435 ltem
450 4376 640 4438 Valentinus
664 4377 789 4439 Berend
822 4377 955 4456 (contra)
980 4379 1143 4441 Matheiko
1167 4380 1348 4443 carnificem
1374 4396 1404 4443 et
1429 4384 1512 4444 Mar-

250 4479 352 4539 tinum
377 4494 530 4540 sartorem
555 4482 657 4562 primo
683 4484 796 4543 citatus
818 4497 883 4539 non
908 4485 1096 4562 comparuit.

354 4584 432 4645 ltem
464 4584 691 4647 Wllrmanicha
722 4597 834 4644 contra
865 4583 1045 4646 Johannem
1079 4589 1249 4673 Hlebopelr
1276 4594 1383 4675 primo
1418 4578 1517 4657 citata

251 4705 315 4748 non
340 4687 531 4766 comparuit.
