3472 5234
641 338 727 394 Anno
751 346 839 414 1375.
864 370 904 379 -
928 351 979 396 20.
1003 339 1112 397 martii.
1464 359 1496 398 rr

345 545 422 607 ltem
447 565 541 608 causa
566 545 678 608 famuli
695 546 820 609 Berend
839 561 870 609 et
895 546 1047 630 Gyurgelr
1075 562 1121 610 est
1138 568 1194 631 per
1218 549 1394 611 Francham
1419 549 1502 610 auri·

240 650 366 714 fabrum
391 652 431 713 ad
455 665 528 715 octo
552 652 621 715 dies
643 668 769 736 recepta
794 653 834 715 ad
859 673 981 736 pacem.

344 757 615 842 ltemDamyanus
625 759 940 821 contraAnthonium
951 772 1091 822 sutorem
1102 760 1274 823 octavodie
1284 759 1501 844 respondebit.

344 863 422 925 Item
445 864 471 925 ai
496 864 666 926 Martinam
690 884 746 926 sua
770 884 861 927 soror
884 865 962 927 alias
978 865 1103 928 dederit
1126 867 1186 928 nisi
1210 867 1251 928 ad
1267 886 1373 929 arcem
1397 866 1498 948 magi-

238 969 378 1049 stralem,
388 984 502 1032 extunc
512 971 578 1053 ipsa
592 970 705 1032 exinde
721 971 838 1053 poterit
850 971 966 1033 iterum
975 992 1033 1054 pro
1046 974 1206 1035 servitrice
1219 993 1275 1035 seu
1286 972 1501 1035 serviendum.

344 1076 421 1138 ltem
451 1077 609 1139 Henricus
639 1076 769 1160 pellifex
801 1093 912 1140 contra
944 1079 1123 1161 Georgium
1154 1081 1259 1162 primo
1291 1081 1404 1142 citatus
1435 1098 1500 1140 nou

239 1183 430 1264 comparuit.

344 1289 422 1351 ltem
448 1310 541 1353 causa
565 1289 698 1353 fratrum
722 1291 885 1353 minorum
902 1305 933 1353 et
949 1291 1182 1354 monachorum
1199 1312 1235 1354 ac
1259 1290 1402 1354 Franche
1418 1291 1502 1352 auri·

239 1393 320 1457 fabri
344 1409 391 1457 est
414 1415 469 1478 per
492 1410 587 1459 testes
611 1397 651 1458 ad
675 1411 748 1458 octo
772 1397 841 1459 dies
864 1411 990 1479 recepta
1013 1397 1054 1459 ad
1077 1417 1201 1480 pacem.

344 1501 422 1563 Item
446 1520 541 1563 causa
565 1503 689 1564 Mareni
713 1517 744 1564 et
760 1502 914 1585 alteritus)
939 1504 1062 1565 Mareui
1079 1518 1126 1566 est
1148 1522 1205 1586 per
1224 1503 1402 1566 Francham
1418 1503 1502 1564 auri·

240 1603 366 1668 fabrum
390 1608 430 1669 ad
455 1620 527 1671 octo
552 1608 621 1670 dies
644 1623 770 1690 recepta
795 1609 835 1670 ad
859 1629 982 1692 pacem.

345 1712 422 1775 ltem
447 1734 540 1776 causa
565 1715 655 1777 Pauli
684 1714 723 1776 de
753 1716 844 1777 Nova
868 1715 945 1777 villa
977 1715 1216 1777 communitatis
1239 1729 1271 1777 et
1293 1714 1422 1777 Thome
1446 1734 1501 1776 au·

238 1818 316 1879 toris
340 1832 386 1881 est
410 1840 466 1902 per
491 1819 677 1882 Ladislaum
701 1821 785 1882 tular
810 1833 841 1883 et
864 1821 994 1882 Petrum
1012 1820 1171 1883 decanum
1195 1821 1236 1884 ad
1260 1834 1333 1883 octo
1358 1821 1426 1883 dies
1450 1840 1499 1882 re-

240 1939 329 2005 cepta
355 1925 395 1986 ad
419 1945 541 2009 pacem.

342 2032 420 2094 ltem
444 2052 538 2094 causa
564 2033 695 2114 Georgii
710 2034 819 2115 Rybar
835 2047 866 2096 et
886 2034 996 2096 Jacobi
1020 2048 1068 2097 est
1084 2054 1141 2118 per
1158 2033 1295 2118 Mykech
1312 2033 1500 2112 institorem,

238 2136 361 2199 Mareas
385 2151 415 2199 et
439 2137 644 2221 Damyanum
667 2140 707 2201 ad
731 2154 805 2202 octo
837 2139 905 2201 dies
928 2154 1055 2223 recepta
1079 2140 1119 2201 ad
1143 2159 1266 2224 pacem.

341 2243 420 2306 ltem
444 2245 602 2307 Parlerius
626 2259 734 2308 contra
758 2247 886 2308 Kuuam
911 2246 1016 2329 primo
1041 2246 1154 2307 citatus
1177 2265 1243 2307 non
1267 2245 1456 2328 comparuit.

342 2349 421 2412 ltem
445 2365 559 2413 octavo
588 2351 640 2415 die
663 2351 772 2414 Sibich
802 2371 858 2434 per
880 2350 978 2414 Tular
1009 2352 1196 2414 Ladislaum
1227 2366 1259 2414 et
1282 2352 1425 2414 Blasium
1449 2371 1500 2413 su·

236 2467 339 2517 torem
362 2457 518 2539 producet
540 2459 772 2539 testimonium,
804 2458 893 2540 quod
917 2459 1022 2541 ipsum
1053 2458 1198 2522 Thomas
1221 2472 1310 2521 sutor
1332 2459 1391 2520 sub
1415 2477 1497 2541 pena

236 2561 265 2622 X
289 2581 467 2625 marcarum
491 2565 595 2627 verbis
618 2566 764 2647 turpibus
784 2579 1011 2647 pertractasset.

343 2669 421 2731 ltem
463 2671 640 2733 secundum
675 2672 897 2734 testimouium
931 2671 1017 2733 idem
1051 2670 1161 2733 Sibich
1196 2670 1354 2754 producet
1388 2682 1498 2731 contra

237 2774 376 2835 eundem
407 2774 571 2838 Thomam
594 2797 650 2859 per
685 2777 783 2838 Pazar
815 2777 995 2839 Johannem
1025 2792 1056 2839 et
1080 2776 1266 2838 Ladislaum
1296 2776 1380 2838 tular
1403 2794 1499 2857 super

237 2899 287 2960 eo,
311 2882 398 2962 quod
422 2883 527 2964 ipsum
551 2882 758 2966 deturpasset.

344 2988 422 3050 Item
447 3009 541 3050 causa
565 2990 676 3051 Hrenlr
701 3004 732 3053 et
748 2989 874 3053 Ferlich
897 3002 944 3051 est
961 2989 1001 3051 ad
1026 3003 1099 3051 octo
1125 2989 1194 3050 dies
1218 3007 1274 3071 per
1298 2987 1500 3050 Clementem

237 3105 268 3153 et
298 3092 523 3178 (Anthonium)
548 3110 670 3158 sutores
694 3108 818 3179 recepta
840 3096 880 3157 ad
904 3115 1026 3178 pacem.

341 3199 420 3262 ltem
445 3215 558 3263 octavo
583 3201 635 3263 die
661 3201 812 3265 Clemens
836 3222 892 3285 per
925 3201 1129 3284 Damyanum
1161 3216 1193 3263 et
1216 3201 1417 3263 Anthonium
1449 3222 1500 3262 au-

236 3317 338 3367 torem
361 3307 583 3370 testimonium
607 3308 764 3391 producet
787 3309 819 3370 in
845 3328 894 3387 eo,
919 3307 1008 3390 quod
1032 3307 1137 3389 ipsum
1160 3306 1246 3370 Vido
1271 3319 1372 3368 sartor
1398 3307 1500 3368 verbis

236 3411 381 3494 turpibus
405 3413 569 3477 affecisset.

340 3518 419 3581 Item
444 3539 537 3581 causa
561 3520 705 3583 Franche
731 3533 761 3583 et
785 3520 986 3602 Margarethe
1020 3519 1130 3582 estad
1162 3533 1235 3582 octo
1260 3519 1329 3583 dies
1353 3540 1409 3604 per
1434 3521 1500 3583 Do·

236 3636 346 3710 uatum
370 3625 508 3707 juratum
533 3641 658 3710 recepta
683 3627 747 3711 (ad)
771 3628 934 3690 racionem
958 3626 1157 3710 ponendum.

341 3730 418 3792 ltem
435 3730 597 3794 lohannes
609 3732 694 3795 filius
710 3734 787 3796 luan
805 3733 843 3795 de
867 3734 1012 3796 Dombro
1029 3733 1215 3795 testimonio
1232 3732 1396 3814 fidedigno
1413 3752 1500 3794 com·

234 3836 391 3916 probavit,
416 3850 451 3899 ut
474 3838 541 3920 ipsa
565 3839 707 3921 predicta
731 3860 824 3921 equa,
850 3859 948 3922 quam
968 3840 1134 3901 Emericus
1151 3853 1315 3901 arestasset
1332 3840 1364 3901 in
1380 3838 1500 3919 medio,

235 3960 291 4003 aua
314 3940 426 4006 fuisset
448 3964 466 4005 a
490 3958 612 4027 septem
636 3947 729 4008 aunis
753 3946 804 4008 vel
829 3946 917 4023 citra,
954 3964 1051 4027 quam
1076 3945 1160 4025 justo
1184 3946 1292 4027 precio
1316 3966 1333 4007 a
1358 3945 1500 4026 quodam

236 4046 339 4109 amico
361 4068 421 4110 auo
445 4065 677 4134 comparasset;
704 4053 772 4135 ipse
788 4066 895 4114 autem
921 4052 1087 4113 Emericus
1103 4070 1168 4112 non
1186 4052 1275 4113 veuit
1291 4071 1397 4132 neque
1413 4051 1500 4113 misit

235 4151 377 4235 aliquam
402 4175 573 4237 personam
597 4177 656 4240 pro
680 4178 712 4219 se
741 4157 971 4240 responsalem.

339 4261 418 4324 ltem
442 4261 519 4324 luan
544 4263 662 4346 Brayse
693 4264 849 4346 premisso
880 4263 1065 4325 testimonio
1097 4263 1318 4346 sollempniter
1351 4282 1497 4345 compro-

236 4364 331 4445 bavit,
356 4380 392 4430 ut
415 4368 516 4450 ipsam
541 4368 676 4431 domum
700 4370 732 4430 in
757 4389 820 4450 qua
844 4381 952 4430 manet
976 4368 1037 4430 sibi
1072 4367 1237 4430 Marethlra
1261 4368 1409 4432 dedisset.

340 4471 419 4535 ltem
444 4472 586 4536 Gerdiua
610 4488 718 4536 contra
743 4475 884 4537 Brumen
907 4474 1013 4556 primo
1038 4473 1151 4535 citatus
1175 4493 1240 4535 non
1264 4474 1454 4556 comparuit.

339 4578 419 4641 ltem
444 4579 597 4664 Gyurgek
628 4581 749 4663 juratus
779 4595 893 4644 octavo
925 4580 978 4642 die
1002 4592 1112 4642 contra
1143 4579 1366 4643 Sebestianum
1391 4601 1424 4642 se
1447 4599 1494 4641 se·

235 4683 359 4747 cundua
382 4684 509 4767 jurabit,
533 4688 621 4767 quod
644 4688 711 4770 ipse
743 4688 850 4771 plures
881 4688 994 4749 arietes
1019 4686 1119 4768 ipsius
1151 4686 1330 4750 Sebeatiani
1362 4686 1498 4748 nesciret

234 4788 295 4852 aiai
319 4803 455 4874 septem.
