3474 5234
637 357 722 414 Anno
745 353 836 434 1383.
863 390 902 400 -
927 370 957 417 2.
974 354 1067 434 junii.

340 567 416 628 Item
452 568 583 629 domina
615 569 737 628 Mirena
770 583 879 628 contra
915 568 1048 628 Paulum
1081 568 1242 629 literatum
1268 569 1372 650 primo
1403 569 1496 630 citata

234 693 298 734 non
324 675 513 755 comparuit.

344 779 420 840 item
448 778 608 859 Georgius
626 780 731 856 Loter‚
756 778 922 860 Philippus
938 780 1072 839 maritus
1089 780 1261 840 Ztreberne
1287 796 1317 841 et
1335 781 1496 842 Johannes

235 883 318 945 filius
344 886 420 945 iane
447 898 556 946 contra
582 885 784 946 Clementem
819 884 997 945 carnificem
1027 885 1132 966 primo
1165 886 1249 947 citati
1276 907 1340 947 non
1366 907 1496 969 compa-

235 1005 376 1053 ruerunt.

341 1100 418 1160 Item
444 1118 537 1159 causa
562 1098 694 1159 domine
719 1099 827 1159 relicte
853 1097 976 1159 Nicolai
1003 1097 1061 1159 rufi
1086 1113 1195 1159 contra
1221 1114 1401 1159 consortem
1428 1099 1499 1160 Cri-

235 1204 321 1264 stlini
346 1205 385 1265 ad
411 1203 522 1265 feriam
549 1216 668 1265 sextam
693 1218 739 1265 est
762 1218 943 1285 prorogata.

342 1311 419 1372 Item
455 1331 547 1372 causa
581 1309 734 1391 Stephani
769 1324 878 1371 contra
909 1311 1075 1371 Vrbanam
1102 1311 1141 1371 ad
1175 1325 1324 1372 octavum
1349 1311 1435 1371 diem
1459 1311 1499 1371 ad

236 1436 348 1497 pacem
373 1430 419 1478 est
443 1431 579 1498 recepta.

343 1523 419 1584 item
445 1525 557 1586 Petrus
589 1536 676 1584 sutor
708 1537 817 1583 contra
850 1523 1029 1584 Fabianum
1062 1524 1222 1585 literatum
1246 1524 1350 1605 primo
1384 1524 1498 1584 citatus

236 1648 300 1690 non
334 1631 524 1711 comparuit.

344 1735 422 1796 Item
447 1736 640 1797 Benedictus
673 1724 787 1797 octavo
818 1735 869 1797 die
900 1756 955 1817 per
979 1751 1160 1797 consortem
1195 1737 1310 1797 Marias
1335 1751 1364 1797 et
1391 1735 1498 1797 Mathe

236 1839 296 1901 hoc
323 1843 479 1921 atestabit,
505 1843 592 1924 quod
625 1842 683 1903 sibi
710 1842 817 1903 Mathe
842 1856 943 1903 sartor
975 1843 1136 1921 quendam
1161 1844 1283 1924 palium
1316 1843 1495 1925 perluserit.

344 1948 420 2009 Item
446 1948 577 2010 Barthol
602 1962 710 2009 contra
736 1947 876 2009 Jaketich
907 1948 1012 2029 primo
1037 1949 1149 2009 citatus
1173 1969 1237 2011 non
1262 1947 1451 2030 comparuit.

341 2053 418 2115 Item
452 2053 610 2135 Georgius
643 2055 738 2115 Loter
769 2068 878 2115 contra
910 2053 1090 2115 Johannem
1114 2055 1212 2116 Vasas
1244 2055 1347 2137 primo
1380 2054 1493 2115 citatus

238 2179 303 2220 non
328 2161 515 2241 comparuit.

343 2267 421 2328 item
453 2268 594 2328 Briccius
621 2267 750 2348 sellipar
783 2279 891 2327 contra
918 2266 1123 2348 Dragonyam
1156 2267 1260 2348 primo
1293 2267 1407 2328 citatus
1434 2285 1500 2326 non

238 2374 426 2454 comparuit.

344 2480 420 2540 Item
452 2480 605 2541 Nicolaus
637 2479 740 2540 dictus
765 2479 907 2562 Rossych
932 2492 1045 2539 octavo
1070 2479 1121 2540 die
1154 2480 1251 2540 tercio
1283 2500 1314 2539 se
1339 2498 1497 2560 supereo

237 2587 364 2667 jurabit,
388 2586 476 2668 quod
501 2588 567 2667 ipse
594 2585 803 2646 Lourandum
828 2605 892 2645 non
921 2586 1125 2648 verberasset.

343 2693 420 2753 Item
446 2692 604 2772 Georgius
626 2693 721 2752 Loter
745 2705 858 2752 octavo
883 2690 935 2752 die
952 2712 1046 2773 super
1070 2712 1108 2753 eo
1133 2692 1259 2772 jurabit,
1284 2691 1372 2773 quod
1391 2691 1496 2773 ipsum

239 2801 400 2863 Johannes
424 2798 508 2860 filius
532 2799 649 2860 Donati
664 2799 882 2890 'vulnerasset

389 3018 485 3091 Feria
515 3021 620 3090 tercia
648 3021 803 3108 proxima
832 3025 908 3089 ante
936 3018 1059 3089 testum
1087 3019 1176 3088 beati
1206 3017 1348 3088 Erasmi.

781 3170 825 3249 (2.
841 3168 950 3250 junia).

345 3309 423 3370 Item
456 3330 549 3372 causa
575 3311 753 3372 Clementis
784 3310 939 3372 carnificis
963 3324 1072 3371 contra
1104 3311 1200 3370 Loter
1225 3308 1414 3391 Georgium,
1447 3312 1500 3373 Jo-

240 3414 380 3476 hannem
405 3415 539 3496 figulum
565 3430 595 3478 et
620 3418 782 3499 Philipum
808 3416 943 3497 figulum
974 3417 1014 3477 ad
1039 3429 1186 3476 octavum
1212 3415 1297 3477 diem
1323 3417 1362 3477 ad
1388 3437 1499 3498 pacem

243 3534 288 3583 est
312 3536 447 3603 recepta.

347 3627 425 3688 item
450 3649 544 3689 causa
575 3629 661 3690 iwan
694 3643 801 3691 contra
835 3628 1013 3690 Johannem
1047 3629 1207 3689 literatum
1239 3629 1318 3711 (per)
1342 3644 1437 3693 testes
1461 3632 1501 3692 ad

242 3747 391 3794 octavum
416 3734 502 3795 diem
527 3735 566 3795 ad
591 3755 703 3816 pacem
728 3749 774 3796 est
797 3749 978 3817 prorogata.

349 3840 425 3902 Item
452 3841 517 3901 Juri
543 3841 683 3901 salivena
717 3855 825 3902 contra
850 3841 1019 3902 Nicolaum
1053 3856 1193 3902 sutorem
1218 3843 1358 3904 secundo
1390 3845 1503 3905 citatus

244 3967 307 4009 non
333 3947 521 4029 comparuit.

353 4054 429 4115 Item
454 4053 615 4114 Johannes
640 4051 735 4114 frater
752 4054 864 4115 Kauke
888 4069 996 4115 contra
1016 4053 1226 4116 Benedictum
1250 4069 1363 4115 octavo
1388 4055 1439 4116 die
1456 4076 1503 4117 re-

243 4160 424 4242 spondebit.

350 4268 427 4329 item
451 4286 544 4328 causa
570 4267 658 4327 Pauli
692 4281 801 4328 contra
828 4266 943 4328 Mahen
970 4267 1009 4328 ad
1043 4281 1191 4329 octavum
1217 4267 1301 4328 diem
1327 4269 1366 4328 ad
1392 4288 1503 4350 pacem

245 4388 290 4436 est
315 4386 450 4456 recepta.

350 4479 428 4542 Item
453 4498 546 4540 causa
571 4478 779 4562 Dragchycha
808 4492 918 4539 contra
943 4478 1050 4541 Mathe
1082 4480 1257 4542 salivenam
1290 4481 1330 4542 ad
1354 4494 1504 4543 octavum

246 4585 332 4648 diem
357 4585 396 4647 ad
421 4605 531 4668 pacem
556 4598 603 4647 est
633 4599 767 4667 recepta.

352 4692 429 4754 item
454 4692 537 4753 iwan
564 4691 780 4773 carpentarius
804 4703 912 4751 contra
938 4691 1101 4754 Thomam
1125 4693 1267 4755 secundo
1295 4695 1408 4755 citatus
1439 4714 1505 4756 non

248 4798 436 4881 comparuit.
