3472 5234
607 327 805 406 Anno1386.
830 363 868 373 —
892 343 925 403 9.
949 330 1116 390 novembris.
1436 328 1495 406 265

338 543 417 603 Item
443 561 536 603 causa
567 541 691 602 domini
724 541 810 602 Luce
843 554 952 602 contra
986 539 1143 620 quosdam
1171 552 1234 600 tres
1266 536 1427 599 carnifices
1452 552 1499 598 est

234 662 405 731 prorogata
429 647 482 725 ita,
507 647 594 728 quod
620 667 657 707 ex
681 661 769 728 parte
794 647 937 727 ipsorum
961 645 1120 726 justiciam
1144 643 1309 706 faciemus.

340 771 417 832 Item
434 771 587 831 Nicolaus
611 768 696 831 filius
720 769 867 830 Matheus
900 767 1043 829 secundo
1066 787 1099 828 se
1124 782 1239 830 octavo
1264 767 1315 828 die
1340 786 1435 849 super
1459 785 1497 827 eo

233 877 361 957 jurabit,
386 877 474 958 quod
499 877 566 957 ipse
600 875 758 957 quosdam
791 875 873 936 duos
901 877 1000 936 boves
1032 873 1155 936 domini
1178 875 1266 935 Luce
1297 894 1363 935 uon
1387 875 1498 934 verbe·

233 997 342 1060 rasset,
366 1002 471 1063 neque
496 1002 553 1063 per
577 982 678 1063 ipsam
703 982 965 1043 verberacionem
999 982 1097 1041 boves
1120 980 1239 1042 mortui
1264 979 1408 1041 fuissent.

339 1089 417 1150 Item
451 1088 565 1170 Jaklyn
599 1107 656 1169 per
687 1088 751 1148 Res
782 1087 996 1165 Anthonium,
1030 1105 1187 1167 aucupem
1301 1100 1332 1147 et
1362 1085 1497 1146 alterum

232 1195 512 1258 Anthonium...
538 1208 646 1255 contra
672 1192 851 1255 Iohannem
877 1192 976 1253 Pazar
1000 1191 1232 1271 (testimonium
1259 1190 1437 1273 producet).

340 1317 419 1378 Item
444 1317 606 1378 Iohannes
629 1317 728 1377 Pazar
760 1336 816 1398 per
840 1316 974 1376 Paulum
1008 1314 1145 1393 fabrum,
1171 1315 1339 1376 Marenum
1364 1329 1395 1375 et
1418 1314 1498 1374 Her-

234 1443 365 1484 manum
390 1422 527 1502 fabrum,
553 1423 751 1505 Stephanum
776 1421 968 1503 selliparem‚
987 1469 993 1482 .
1013 1469 1020 1483 .
1042 1435 1194 1499 sutorem,
1218 1421 1421 1482 Anthonium
1446 1440 1497 1480 su·

233 1543 335 1590 torem
367 1542 398 1591 et
421 1529 673 1591 Anthonium..
699 1542 808 1590 contra
833 1527 948 1610 Jaklyn
972 1542 1086 1588 octavo
1111 1527 1163 1588 die
1187 1526 1429 1608 (respondebit).

340 1635 418 1696 Item
445 1685 451 1697 .
478 1685 484 1697 .
509 1635 618 1697 relitta
650 1648 760 1696 contra
785 1633 931 1715 Dragech
963 1634 1002 1693 ad
1026 1632 1181 1715 judicium
1214 1652 1279 1694 non
1305 1632 1497 1713 comparuit.

339 1758 416 1821 Item
434 1758 582 1841 Mychael
607 1758 840 1839 Stachuuarigh
858 1771 972 1819 octavo
997 1757 1048 1818 die
1073 1775 1230 1839 supereo
1254 1755 1383 1835 jurabit,
1408 1755 1499 1836 quod

233 1865 292 1925 sibi
319 1865 455 1927 SeIezko
479 1865 604 1926 duabus
628 1865 742 1926 marcis
767 1864 892 1926 debitor
917 1863 965 1923 sit.

378 2097 474 2172 Feria
503 2108 603 2172 sexta
630 2103 785 2190 proxima
813 2111 890 2172 ante
927 2100 1049 2171 festum
1078 2100 1188 2170 sancti
1217 2099 1365 2169 Martini

738 2277 781 2345 (9.
810 2272 992 2346 novembris).

339 2428 419 2490 Item
452 2428 632 2510 Stephanus
663 2428 792 2510 selIipar
822 2442 932 2490 contra
966 2428 1115 2510 Hapazca
1147 2427 1253 2509 primo
1282 2427 1398 2489 citatus
1433 2446 1498 2488 non

233 2534 422 2615 comparuit.

338 2639 416 2701 Item
440 2660 534 2702 causa
559 2640 674 2722 Jathn
706 2655 816 2701 contra
846 2639 1027 2701 Iohannem
1053 2639 1151 2699 Pazar
1174 2657 1231 2720 per
1263 2651 1359 2700 testes
1383 2639 1424 2699 ad
1445 2658 1498 2701 oc-

234 2759 342 2806 tavum
368 2746 453 2807 diem
479 2747 519 2807 ad
543 2766 656 2829 pacem
681 2759 727 2807 est
752 2759 887 2826 recepta.

339 2851 417 2913 Item
448 2851 592 2913 Iwchech
625 2852 842 2934 carpentarius
872 2864 982 2911 contra
1016 2848 1123 2910 Mathe
1153 2849 1259 2930 prImo
1294 2849 1408 2911 citatus
1432 2869 1498 2911 uon

233 2959 423 3038 comparuit.

339 3062 417 3124 Item
449 3082 542 3124 causa
566 3063 729 3125 Valentini
760 3076 871 3124 contra
903 3061 1060 3143 quosdam
1091 3059 1256 3123 carnifices
1280 3060 1321 3121 ad
1347 3075 1498 3123 octavum

234 3167 320 3229 dIem
344 3184 390 3229 est
414 3183 595 3250 prorogata.

340 3274 418 3336 Item
444 3276 606 3337 Iohannes
629 3274 714 3336 filius
738 3275 822 3336 Petri
848 3293 921 3335 cum
938 3273 1082 3353 Georgio
1109 3290 1209 3352 usque
1228 3284 1302 3333 octo
1326 3270 1394 3334 dIes
1418 3271 1499 3332 iuter

234 3399 266 3439 se
291 3380 452 3442 racionem
478 3379 581 3442 facere
606 3381 734 3443 debent.

340 3485 416 3548 Item
436 3484 611 3567 Gregorius
628 3487 744 3567 Angeli
769 3500 883 3547 octavo
906 3486 957 3547 die
975 3504 1070 3566 super
1086 3504 1125 3546 eo
1142 3484 1270 3564 iurabit,
1287 3484 1376 3565 quod
1393 3484 1497 3566 ipsum

234 3590 341 3651 Mathe
366 3591 508 3652 salivena
534 3591 750 3672 vituperasset.

340 3696 418 3758 Item
443 3697 551 3758 Mathe
575 3712 685 3758 contra
710 3698 884 3759 Martinum
908 3698 1050 3759 secundo
1075 3697 1189 3758 citatus
1213 3715 1277 3757 non
1304 3696 1497 3777 comparuit.

339 3803 418 3864 Item
443 3823 536 3864 causa
560 3804 672 3864 Kusko
697 3816 805 3865 contra
824 3803 908 3864 Iwan
933 3823 1034 3884 usque
1059 3817 1132 3864 octo
1149 3802 1218 3863 dies
1244 3816 1290 3862 est
1315 3816 1495 3882 prorogata.

339 3907 416 3969 Item
450 3908 595 3970 Thomas
630 3908 769 3971 carnifex
802 3924 912 3970 contra
944 3910 1073 3983 Petrum
1109 3908 1251 3969 secundo
1283 3908 1396 3968 citatus
1433 3928 1498 3970 non

156 4073 159 4081 ,
234 4014 424 4095 comparuit.

339 4119 416 4182 Item
442 4140 534 4181 causa
560 4122 682 4183 Mareni
708 4136 816 4182 contra
842 4120 1014 4181 Nicolaum
1046 4119 1148 4181 filium
1174 4118 1298 4180 Odolas
1332 4137 1433 4198 usque
1458 4117 1499 4178 ad

234 4225 408 4286 adventum
433 4226 508 4287 dicti
534 4228 656 4289 Mareni
682 4240 727 4287 est
750 4240 931 4307 prorogata.

339 4331 417 4392 Item
453 4331 629 4414 Gregorius
660 4334 800 4394 decanus
832 4346 941 4393 contra
973 4330 1176 4392 Anthonium
1207 4344 1348 4391 sutorem
1384 4342 1499 4390 octavo

236 4436 287 4498 die
311 4438 528 4519 respondebit.

341 4543 419 4604 Item
453 4543 629 4625 Gregorius
660 4545 800 4606 decanus
831 4564 888 4626 per
919 4543 1060 4622 Petrum,
1091 4542 1195 4604 Viden
1225 4540 1363 4619 fabrum,
1396 4539 1497 4603 Geor·

233 4649 333 4730 gium‚
360 4649 513 4732 Gerdnyn
539 4665 570 4713 et
593 4651 728 4713 alterum
754 4651 881 4712 Petrum
912 4664 1026 4712 octavo
1051 4649 1102 4710 die
1127 4649 1285 4726 atestabit,
1310 4647 1398 4729 quod
1424 4647 1498 4709 Cle-

236 4774 326 4816 mens
350 4756 488 4837 piscator
512 4776 569 4838 pro
594 4756 707 4836 viginti
732 4756 835 4817 stariis
858 4756 933 4817 salis
957 4770 1002 4817 est
1026 4755 1202 4817 fideiussor.
