3472 5234
616 374 817 454 Ann01382.
841 411 884 420 -
906 391 957 437 22.
987 375 1100 452 aprilis.
1435 378 1494 459 169

339 589 415 651 Item
442 609 534 650 causa
560 588 670 650 Jacobi
696 588 782 649 Lach
806 588 888 669 capti
906 587 945 648 ad
971 602 1120 648 octavum
1137 589 1224 650 diem
1249 603 1295 649 est
1312 603 1494 670 prorogata.

339 694 418 756 Item
443 694 531 776 quod
556 693 632 775 quia
656 694 768 755 Petrus
786 693 870 754 filius
894 692 978 754 Iwan
997 694 1159 774 quandam
1184 694 1311 755 vineam
1337 695 1495 756 desertam

231 819 287 881 per
322 799 489 861 dominam
514 798 621 860 Philes
652 799 712 859 sibi
744 798 784 858 ad
813 797 1033 859 recollendum
1065 799 1257 878 assignatam
1282 799 1417 861 mInime
1449 819 1495 859 re-

236 905 427 982 melioravit,
451 905 539 986 quod
561 902 621 966 fuit
637 902 804 965 manifeste
829 904 937 985 probis
955 904 1046 981 viris,
1064 903 1137 965 ideo
1156 905 1222 985 Ipsa
1246 904 1340 966 vinea
1365 905 1496 966 domine

235 1009 329 1072 Clare
353 1009 417 1072 filie
443 1030 498 1071 sue
523 1023 569 1071 est
592 1009 784 1089 adjudicata.

337 1136 415 1197 Item
441 1155 534 1197 causa
559 1134 713 1196 Johannis
729 1132 786 1195 filii
813 1133 988 1215 Mychaelis
1005 1148 1116 1195 contra
1140 1133 1257 1217 Gyuan
1282 1135 1322 1196 ad
1347 1150 1496 1198 octavum

238 1241 322 1302 diem
347 1256 393 1302 est
417 1254 598 1322 prorogata.

344 1346 422 1407 Item
446 1367 539 1408 causa
571 1345 711 1408 fillorum
744 1346 871 1407 comitis
892 1346 978 1407 Iwan
1011 1360 1120 1408 contra
1151 1346 1329 1408 lohannem
1356 1346 1498 1426 judicem

239 1453 277 1513 ad
303 1453 484 1534 qulndenas
509 1473 547 1514 eo
572 1452 671 1514 modo
701 1466 747 1513 est
777 1465 959 1533 prorogata,
991 1451 1079 1532 quod
1109 1452 1135 1512 si
1160 1452 1226 1532 ipse
1251 1450 1413 1513 Iohannes
1445 1454 1496 1514 vel

234 1558 365 1620 domina
389 1577 519 1619 consors
543 1578 599 1619 sua
624 1557 786 1639 quandam
811 1571 926 1619 terram
951 1557 1105 1618 arabilem
1130 1577 1186 1639 per
1210 1557 1347 1640 Mykech
1372 1573 1495 1640 patrem

235 1664 318 1725 dicte
350 1664 482 1725 domine
514 1664 658 1745 predicto
683 1663 792 1724 comiti
818 1663 902 1723 Iwan
938 1664 1028 1746 olym
1061 1663 1309 1745 inpignoratam,
1341 1664 1497 1726 redimere

233 1770 405 1848 voluerint,
431 1772 512 1831 bene
537 1769 680 1851 quidem,
705 1769 851 1849 alioquin
879 1769 981 1850 ipsam
1013 1784 1128 1830 terram
1162 1769 1260 1831 iidem
1286 1769 1343 1831 filii
1369 1771 1497 1832 comitis

235 1889 331 1956 prout
355 1875 431 1957 ipsis
455 1889 502 1937 est
535 1875 737 1956 inpignorata
769 1875 951 1955 cuicunque
983 1876 1145 1938 voluerint
1181 1875 1316 1938 liberam
1349 1878 1498 1960 iangno·

137 2036 139 2041 ⁴
237 1981 327 2041 randi
352 1980 518 2042 habebunt
541 1979 736 2042 facultatem.

343 2104 420 2164 Item
448 2105 580 2184 quidam
604 2102 724 2165 fundus
740 2105 896 2166 balnealis
913 2125 969 2186 per
990 2104 1125 2195 Mykech
1150 2105 1252 2168 filium
1278 2107 1391 2169 Hench
1409 2108 1497 2191 olym

235 2209 344 2270 comiti
371 2209 456 2270 Iwan
481 2210 702 2292 iopignoratus
726 2230 827 2292 usque
853 2225 926 2273 octo
952 2212 1020 2272 dies
1052 2212 1192 2273 estimari
1216 2212 1312 2275 debet
1337 2228 1368 2276 et
1392 2214 1497 2295 ipsum

235 2315 396 2377 Iohannes
421 2316 516 2397 judex
540 2316 590 2376 vel
615 2336 671 2377 sua
696 2337 827 2378 consors
848 2318 873 2378 si
897 2338 956 2400 pro
978 2318 1045 2398 ipsa
1070 2319 1277 2380 estimacione
1302 2339 1417 2400 prose
1442 2319 1497 2381 ha-

236 2422 333 2481 buere
357 2421 530 2500 voluerint,
555 2424 636 2484 bene
668 2423 811 2503 quidem,
843 2423 988 2504 alloquin
1014 2424 1114 2505 ipsam
1147 2425 1390 2486 estImacIonem
1416 2426 1499 2487 ultra

137 2592 144 2601 ,
234 2527 406 2589 duodecim
442 2548 563 2589 marcas
598 2527 714 2591 laetam
751 2530 808 2612 ipsi
845 2528 903 2591 filii
935 2531 1062 2591 comitis
1094 2530 1178 2591 Iwan
1212 2531 1333 2592 eisdem
1360 2531 1498 2593 Johanni

235 2633 286 2693 vel
325 2653 379 2694 sue
416 2635 556 2695 consorti
594 2635 695 2715 ipsam
738 2634 932 2716 superfluam
966 2635 1206 2696 estimacionem
1248 2637 1371 2698 solvere
1410 2651 1498 2699 tene·

236 2741 365 2802 buntur.

342 2845 419 2906 Item
454 2846 621 2907 Ladislaus
652 2846 736 2907 tular
767 2847 865 2907 tercio
897 2866 929 2908 se
958 2861 1072 2909 octavo
1104 2846 1156 2907 die
1187 2866 1283 2928 super
1307 2867 1346 2909 eo
1370 2846 1498 2929 jurabit,

238 2949 325 3029 quod
350 2951 418 3032 ipse
444 2951 476 3010 in
500 2950 722 3012 subtractione
746 2952 913 3013 cuiusdam
937 2951 1018 3013 milii
1044 2952 1198 3013 innocens
1222 2953 1271 3014 sit.

341 3054 420 3117 ltem
438 3057 525 3137 quod
544 3057 620 3137 quia
644 3058 797 3119 Nicolaus
814 3057 1008 3139 Zdalchalep
1032 3071 1141 3120 contra
1160 3058 1243 3120 Rees
1267 3078 1397 3120 causam
1414 3059 1500 3140 prius

236 3174 358 3222 motam
383 3181 439 3222 seu
464 3162 633 3242 aquisitam
658 3162 697 3222 ad
722 3182 852 3244 presens
880 3161 986 3225 lorum
1011 3164 1123 3241 movit,
1155 3163 1229 3226 ideo
1254 3184 1326 3226 cum
1353 3184 1418 3226 uno
1452 3164 1500 3246 ju·

237 3266 322 3328 dici0
344 3287 473 3328 causam
495 3268 597 3329 movit
621 3282 651 3329 et
675 3288 748 3329 cum
776 3269 919 3330 secundo
943 3268 1064 3349 judicio
1089 3269 1157 3351 ipsa
1188 3288 1282 3330 causa
1308 3283 1354 3332 est
1376 3270 1497 3332 sedata.

341 3392 420 3453 Item
454 3393 541 3473 quod
574 3392 648 3473 quia
682 3391 858 3474 Gregorius
888 3393 1009 3475 juratus
1039 3393 1174 3455 voschar
1206 3394 1353 3455 unirersa
1379 3393 1499 3472 debita,

237 3498 354 3578 quibus
378 3498 482 3579 ipsum
507 3498 661 3558 Nicolaus
677 3497 762 3559 filius
780 3498 904 3560 Odolas
921 3499 1099 3561 debitorem
1125 3498 1194 3561 lore
1211 3500 1373 3560 asserebat
1397 3514 1428 3561 et
1445 3498 1498 3559 de-

236 3603 319 3664 bitor
343 3602 464 3680 fuisset,
490 3603 547 3684 ipsi
581 3603 717 3664 Nicolao
749 3605 892 3684 plenarie
925 3605 1079 3686 persolvit
1103 3618 1134 3666 et
1165 3606 1196 3665 in
1222 3605 1374 3666 omnibus
1398 3606 1500 3667 causis

235 3707 396 3787 satisfecit,
422 3709 495 3770 ideo
520 3709 586 3790 ipse
613 3707 789 3788 Gregorius
811 3729 906 3791 super
930 3711 1092 3792 premissis
1115 3725 1162 3773 est
1185 3711 1363 3792 expeditus.

660 3946 755 4019 Fetla
785 3952 892 4020 tercIa
925 3968 1079 4038 sequens.

758 4122 823 4193 (22.
847 4115 974 4192 aprilax).

342 4275 418 4337 Item
435 4274 597 4336 lohannes
621 4289 652 4337 et
676 4273 824 4356 Mychael
848 4274 967 4336 filiolus
991 4294 1067 4335 suus
1083 4288 1192 4334 contra
1218 4273 1360 4334 Blasium
1384 4271 1500 4334 aurifa-

240 4382 331 4441 brum
357 4395 471 4442 octavo
496 4381 547 4443 die
571 4381 822 4462 respondebunt.

342 4487 419 4549 Item
443 4487 588 4548 Thomas
612 4500 721 4548 contra
746 4499 925 4547 consortem
949 4484 1096 4566 Gregorii
1122 4483 1179 4545 filii
1204 4484 1359 4545 Iohannis
1383 4497 1497 4545 octavo

237 4592 288 4653 die
313 4593 529 4674 respondebit.

342 4699 420 4760 Item
445 4718 537 4759 causa
555 4697 663 4759 Mathe
679 4697 796 4759 sutoris
813 4713 922 4759 contra
945 4697 1109 4758 Thomam
1126 4710 1268 4758 sutorem
1285 4695 1324 4756 ad
1349 4708 1499 4757 octavum

238 4803 323 4865 diem
348 4805 388 4866 ad
416 4823 527 4887 pacem
553 4819 600 4867 est
628 4819 764 4886 recepta.
