3472 5234
249 325 307 384 140
663 307 749 363 Anno
772 302 864 381 1378.
890 338 929 348 -
953 319 982 365 2.
999 303 1086 380 julii.

349 516 430 577 Item
456 515 605 598 Mychael
630 513 715 576 fiIIus
739 515 831 576 Pauli
848 528 958 576 contra
983 513 1152 575 dominum
1178 515 1349 576 Mirusium
1367 515 1510 577 secundo

243 622 357 683 citatus
381 642 448 683 non
472 622 662 702 comparuit.

350 727 429 788 Item
456 726 541 788 idem
567 726 715 809 Myehael
741 740 850 787 contra
882 727 1051 787 dominum
1082 726 1227 787 Priorem
1259 725 1359 787 sancti
1384 725 1510 787 NIcolai

241 833 348 914 primo
381 834 496 896 citatus
521 852 586 894 non
612 833 801 914 comparuit.

351 940 428 1000 Item
447 938 603 1020 Orgouan
620 953 730 1000 eontra
744 939 915 1000 Nicolaum
932 939 1072 1019 juratum
1089 953 1203 1000 octavo
1221 938 1273 999 die
1291 938 1508 1020 respondebit.

350 1043 452 1106 Nota!
489 1044 577 1126 quod
613 1043 781 1105 Ladislaus
815 1044 901 1106 filius
936 1045 1065 1106 Martini
1105 1044 1145 1105 de
1178 1044 1354 1106 Moroucha
1394 1058 1504 1106 contra

243 1150 377 1211 Iuanum
402 1150 524 1212 dictum
550 1149 688 1211 Plauech
717 1151 844 1212 racione
877 1150 952 1211 furti
976 1170 1070 1211 suum
1097 1164 1132 1212 ut
1163 1149 1274 1210 debuit
1296 1150 1433 1232 prestitit
1456 1149 1504 1229 ju-

242 1271 424 1317 ramentum
449 1255 557 1336 jurans
588 1255 628 1317 ad
653 1269 759 1317 saneta
784 1255 836 1317 dei
861 1254 1038 1337 evangelia
1060 1257 1091 1316 in
1125 1276 1178 1317 ara
1201 1269 1308 1317 sancte
1333 1256 1435 1317 erucis
1459 1254 1505 1316 nil

241 1361 399 1424 contrarie
431 1380 536 1441 neque
569 1360 702 1442 aliquod
738 1361 860 1422 malum
892 1359 995 1422 facere
1029 1360 1148 1422 civitati
1180 1381 1238 1423 nec
1269 1359 1503 1422 habitatoribus

241 1468 397 1530 eiusdem.

351 1574 431 1636 Item
456 1574 527 1635 Elia
553 1572 713 1634 aurifaber
744 1586 857 1634 octavo
883 1573 934 1634 die
966 1593 1023 1654 per
1048 1573 1247 1654 Stephanum
1271 1571 1444 1655 pellificem
1477 1585 1509 1633 et

241 1680 377 1741 alterum
397 1678 596 1760 Stephanum
614 1692 723 1740 contra
742 1679 925 1740 Korardum
942 1693 1097 1740 terrorem
1115 1679 1272 1758 atestabit,
1298 1679 1388 1760 quod
1402 1679 1507 1760 Ipsum

242 1785 481 1867 vituperaverit.

347 1892 424 1952 Item
440 1890 597 1971 Orgouan
611 1904 720 1951 contra
735 1890 938 1952 Clementem
952 1891 1095 1953 secundo
1109 1892 1223 1953 citatus
1236 1911 1302 1952 non
1316 1891 1507 1972 comparuit.

345 1997 424 2057 Item
457 1997 569 2057 Petrus
600 2010 688 2057 sutor
719 2010 830 2058 contra
862 1997 938 2058 Iuan
974 2011 1116 2059 sutorem
1149 1998 1253 2079 primo
1294 1997 1407 2059 citatus
1441 2014 1507 2057 non

239 2101 432 2182 comparuit.

344 2207 423 2269 Item
448 2227 542 2268 causa
567 2207 722 2268 Johannis
747 2208 863 2269 Lieber
887 2223 918 2269 et
942 2209 1088 2270 Mauricii
1113 2222 1160 2271 est
1183 2229 1240 2290 per
1263 2207 1403 2288 judicem
1428 2221 1501 2288 post

239 2313 412 2375 adventum
440 2313 538 2395 ipsius
562 2311 717 2374 Iohannis
742 2314 856 2375 Lieber
879 2314 919 2376 de
944 2315 1033 2375 Buda
1059 2328 1230 2396 prorogata
1254 2313 1294 2374 ad
1318 2332 1442 2396 pacem.

346 2420 424 2480 Item
456 2438 548 2480 causa
575 2418 735 2501 Coralr)di
759 2421 890 2481 textoris
914 2434 946 2482 et
977 2421 1067 2481 Pauli
1092 2419 1243 2481 aurifabri
1268 2433 1314 2480 est
1344 2438 1401 2501 per
1426 2418 1500 2480 Cle-

238 2538 379 2587 mentem
405 2525 566 2607 Zyrothke
591 2524 630 2586 ad
655 2539 728 2586 octo
753 2525 821 2586 dies
844 2540 970 2608 recepta
995 2527 1034 2587 ad
1059 2545 1182 2608 pacem.

345 2631 424 2692 Item
451 2630 599 2713 Mychael
623 2645 737 2693 octavo
768 2632 819 2693 die
844 2652 901 2713 per
932 2633 1146 2711 Anthonium,
1178 2631 1331 2696 Cosmam
1356 2645 1386 2693 et
1411 2630 1506 2691 Ladi-

237 2737 340 2798 slaum
365 2737 505 2818 juratum
528 2738 686 2816 atestabit‚
710 2737 798 2818 quod
824 2739 929 2819 Ipsum
953 2737 1116 2799 Janslinus
1149 2736 1309 2799 aurifaber
1332 2736 1506 2819 turpilbuls

237 2843 344 2904 verbis
368 2842 533 2905 affecisset.

343 2949 420 3010 Item
446 2949 554 3011 Hanse
579 2964 688 3010 eontra
714 2949 915 3031 Mychaelem
940 2951 1045 3031 primo
1078 2950 1190 3012 citatus
1214 2969 1280 3010 non
1313 2948 1502 3030 comparuit.

346 3054 423 3115 Item
450 3055 561 3115 Petrus
585 3068 698 3115 octavo
724 3056 775 3117 die
799 3076 856 3137 per
881 3055 1035 3133 Iwanum,
1065 3056 1276 3117 Benedictum
1301 3069 1332 3117 et
1357 3057 1503 3117 Markum

237 3158 358 3219 dictum
385 3159 507 3221 Gemez
532 3161 690 3237 atestabit‚
715 3161 802 3241 quod
829 3162 935 3243 ipsum
958 3163 1124 3223 Emericus
1148 3182 1282 3243 arcupar
1305 3161 1506 3222 vulnerasset

237 3279 266 3324 et
291 3266 426 3345 turpiter
450 3267 665 3346 percussisset.

342 3371 418 3431 Item
435 3370 541 3433 Mathe
558 3385 646 3432 sutor
658 3386 767 3432 contra
782 3355 973 3433 Merclinum
987 3374 1091 3455 primo
1105 3373 1218 3435 citatus
1230 3393 1295 3435 non
1310 3374 1502 3454 comparuit.

343 3478 421 3538 Item
447 3497 541 3538 causa
565 3477 703 3537 Vardich
725 3492 755 3538 et
779 3478 934 3539 Iohannis
951 3492 996 3539 est
1020 3499 1076 3560 per
1100 3479 1239 3560 judicem
1256 3481 1295 3540 ad
1321 3479 1502 3561 qulndenas

236 3598 406 3664 prorogata
432 3584 486 3643 tali
512 3584 622 3660 modo,
647 3584 734 3664 quod
759 3585 784 3643 si
810 3584 918 3644 medio
943 3599 1088 3667 tempore
1117 3586 1313 3647 concordare
1338 3599 1500 3666 poterunt,

238 3689 319 3749 bene
345 3689 488 3769 quidem,
513 3689 658 3769 alioqum
683 3690 792 3750 omnia
816 3690 893 3768 jura,
914 3691 939 3750 si
964 3711 1027 3771 qua
1052 3691 1199 3754 habuerit
1215 3693 1300 3752 idem
1326 3691 1499 3768 Iohannes,

236 3809 345 3855 contra
371 3796 511 3855 eundem
537 3794 674 3856 Vardich
699 3796 830 3857 debebit
853 3812 1035 3877 presentare
1059 3818 1167 3859 coram
1191 3799 1294 3860 nobis.

342 3900 419 3960 Item
446 3920 539 3961 causa
564 3902 689 3962 Nicolai
715 3902 881 3963 assessoris
906 3917 937 3964 et
962 3903 1117 3985 Stephani
1135 3904 1283 3986 pellificis
1307 3918 1355 3966 est
1378 3925 1435 3986 per
1452 3906 1501 3966 Ja-

235 4006 352 4065 cobum
379 4007 458 4066 Bole
483 4006 522 4066 ad
547 4022 621 4067 oeto
646 4007 715 4067 dies
740 4023 865 4089 recepta
891 4010 930 4069 ad
957 4029 1079 4090 pacem.

344 4111 420 4171 Item
447 4112 614 4173 Elizabeth
632 4114 747 4174 mulier
771 4129 880 4175 contra
902 4115 1032 4176 Petrum
1055 4117 1196 4177 secundo
1214 4117 1307 4178 citata
1332 4137 1397 4179 non
1415 4138 1501 4179 com-

235 4217 348 4297 paruit.

343 4323 419 4384 Item
453 4325 606 4386 Nicolaus
639 4346 777 4387 assessor
808 4341 922 4388 octavo
948 4328 999 4388 die
1032 4348 1088 4409 per
1115 4329 1318 4390 Anthonium
1344 4342 1375 4390 et
1406 4330 1500 4390 Ladi-

235 4428 339 4490 slaum
365 4430 502 4508 juratum
520 4433 678 4508 atestabit‚
703 4434 790 4513 quod
817 4433 921 4514 ipsum
941 4433 1092 4516 Gyurgelt
1118 4435 1290 4516 calcaripar
1314 4436 1420 4497 verbis
1436 4451 1500 4497 tur·

235 4535 329 4615 pibus
353 4536 518 4600 affecisset.

340 4641 420 4703 Item
446 4644 597 4705 Miclinus
620 4645 741 4725 juratus
775 4647 860 4708 Luce
886 4648 1014 4709 Bonioli
1048 4662 1079 4709 et
1103 4649 1234 4709 domine
1267 4651 1442 4713 Katherine
1467 4652 1499 4713 in

234 4748 408 4828 quindenis
432 4765 560 4811 centurn
585 4752 696 4814 decem
721 4765 751 4813 et
775 4767 848 4815 octo
873 4753 942 4815 flor.
967 4756 1034 4815 auri
1061 4756 1213 4817 exsolvet.
