3472 5234
243 312 306 391 258
668 313 753 370 Anno
777 309 869 389 1386.
893 348 937 357 -
954 328 988 389 3.
1007 316 1089 388 julii,

344 522 421 584 Item
441 524 537 606 Elyas
554 543 669 604 parvus
686 538 796 584 contra
814 522 921 585 Bartol
939 523 1080 584 secundo
1097 524 1210 585 citatus
1228 543 1292 584 non
1310 525 1499 607 comparuit.

344 629 421 689 Item
435 629 518 689 Iwan
531 628 692 690 GolozIau
705 643 814 691 contra
829 629 984 690 Iacobum
998 629 1101 709 prImo
1112 629 1225 691 citatus
1236 649 1299 691 non
1311 630 1499 713 comparuit.

345 734 423 796 Item
449 735 604 796 MartInus
636 735 730 816 Piper
761 749 871 796 eontra
904 734 1082 795 Iohannem
1115 735 1257 796 secundo
1290 736 1402 798 citatus
1434 756 1500 798 non

239 841 428 920 comparuit.

344 945 421 1006 Item
448 945 600 1027 Gyurgek
625 960 734 1007 contra
759 947 915 1007 Iacobum
940 947 1018 1007 Bole
1035 948 1177 1008 secundo
1195 948 1308 1009 citatus
1325 967 1390 1009 non
1416 967 1502 1009 com·

238 1053 352 1133 paruit.

344 1156 421 1218 Item
448 1158 548 1218 Malas
573 1169 681 1218 contra
708 1154 885 1238 Georgium
909 1157 1050 1218 secundo
1084 1159 1198 1219 citatus
1223 1178 1288 1219 non
1312 1159 1502 1240 comparuit.

344 1262 422 1324 Item
447 1263 556 1325 Bartol
580 1277 688 1324 contra
714 1277 894 1324 consortem
919 1262 1037 1324 Cosme
1068 1263 1220 1325 aurifabri
1245 1265 1350 1345 prImo
1386 1265 1501 1326 citatus

238 1390 303 1431 non
329 1371 517 1452 comparuit.

343 1477 422 1539 Item
445 1496 538 1539 causa
564 1476 711 1537 Hanslini
737 1490 846 1538 contra
871 1474 949 1536 Scof
974 1477 1014 1536 ad
1039 1490 1189 1539 octavum
1215 1476 1301 1537 diem
1325 1477 1364 1539 ad
1390 1497 1501 1558 pacem

238 1595 285 1644 est
309 1598 446 1664 recepta.

347 1689 424 1751 Item
449 1688 585 1769 Egidius
608 1689 756 1749 sacerdos
787 1702 818 1748 et
841 1688 1002 1749 Johannes
1035 1688 1178 1750 literatus
1209 1688 1420 1750 instrumenta
1444 1708 1501 1749 sua

238 1793 391 1856 exhibent
415 1795 446 1855 In
472 1794 644 1875 quindenis
668 1807 777 1855 contra
802 1793 967 1855 dominam
990 1812 1117 1854 socrum
1142 1793 1297 1854 Iohannis
1321 1793 1430 1854 Vasas.

343 1901 420 1961 Item
436 1901 585 1962 Marenus
597 1913 700 1961 textor
716 1914 826 1960 contra
844 1899 921 1960 ScoI
931 1899 1073 1960 secundo
1091 1899 1203 1960 citatus
1224 1919 1288 1960 non
1307 1899 1496 1980 comparuit.

343 2006 421 2067 Item
446 2006 539 2088 Piper
563 2019 673 2067 contra
699 2004 858 2086 Magdych
881 2019 996 2066 octavo
1021 2005 1073 2065 die
1098 2004 1312 2086 respondebit.

343 2112 420 2173 Item
449 2113 594 2175 Matheus
617 2126 727 2173 contra
754 2112 881 2173 Petrum
906 2111 1096 2191 Hungarum
1130 2110 1272 2171 secundo
1297 2111 1410 2172 citatus
1435 2129 1499 2171 non

239 2219 429 2300 comparuit.

345 2324 422 2386 Item
462 2324 623 2385 Johannes
657 2323 806 2407 Grachyn
843 2339 951 2384 contra
987 2322 1165 2384 Iohannem
1210 2337 1323 2383 octavo
1360 2323 1410 2384 die
1453 2343 1500 2384 re·

238 2430 421 2512 spondebit.

344 2535 423 2599 Item
447 2555 539 2597 causa
565 2536 690 2618 Jaklyni
717 2551 825 2598 contra
854 2536 953 2597 Pazar
977 2536 1017 2597 ad
1041 2550 1189 2598 octavum
1214 2537 1300 2597 diem
1324 2535 1363 2596 ad
1387 2555 1500 2616 pacem

237 2655 283 2704 est
311 2656 447 2724 recepta.
1132 2642 1135 2646 ’

344 2748 422 2810 Item
440 2749 574 2810 SeIezIro
592 2763 701 2810 contra
719 2748 918 2830 Mychaelem
935 2748 1076 2810 secundo
1094 2749 1207 2810 citatus
1221 2769 1285 2810 non
1303 2749 1494 2830 comparuit.

341 2853 417 2915 Item
451 2853 611 2934 Georgius
635 2853 768 2915 voschar
792 2874 848 2934 per
874 2855 999 2915 Petrum
1034 2855 1227 2937 Megnesych
1260 2870 1289 2916 et
1314 2855 1495 2915 Iohannem

236 2958 338 3021 filium
364 2961 447 3020 Petri
472 2974 585 3021 octavo
610 2961 661 3020 die
686 2960 746 3020 hoc
771 2961 927 3036 arestabit‚
962 2961 1050 3040 quod
1076 2961 1182 3021 Endre
1208 2961 1273 3042 Syb
1299 2980 1400 3021 unum
1425 2959 1496 3023 flor.

237 3065 363 3126 debitor
388 3064 478 3126 foret.

340 3172 418 3232 Item
444 3172 594 3232 dominus
619 3170 752 3250 Egidius
775 3169 922 3230 sacerdos
946 3186 977 3231 er
1001 3172 1132 3232 domina
1158 3174 1244 3232 Mare
1270 3170 1424 3253 (conisors
1442 3172 1496 3232 Jo-

234 3275 348 3337 hannis
372 3277 470 3336 Vasas
495 3296 596 3356 usque
621 3275 800 3356 quindenas
826 3275 984 3355 Gregorio
1009 3278 1142 3339 solvent.

341 3381 417 3441 Item
444 3401 536 3441 causa
563 3381 675 3441 Briccii
701 3395 810 3441 contra
827 3381 960 3442 Hernko
985 3382 1024 3443 ad
1048 3397 1198 3443 octavum
1224 3383 1307 3442 diem
1327 3382 1366 3442 ad
1383 3401 1496 3463 pacem

234 3502 281 3548 est
305 3501 441 3568 recepta.

341 3592 418 3652 Item
445 3591 551 3652 Mathe
577 3591 725 3673 Ztoysich
758 3607 867 3653 contra
894 3592 1085 3673 Gregorium
1111 3595 1252 3655 secundo
1285 3595 1397 3655 citatus
1431 3614 1495 3656 non

234 3698 423 3778 comparuit.

340 3803 416 3863 Item
439 3802 600 3862 Iohannes
617 3801 699 3863 filius
717 3803 833 3864 Donati
860 3818 968 3864 contra
987 3804 1150 3885 Mathyam
1169 3805 1273 3886 prImo
1291 3806 1404 3866 citatus
1428 3825 1494 3866 non

234 3908 423 3988 comparuit.

338 4013 414 4073 Item
440 4013 562 4073 Jursich
588 4027 697 4074 contra
723 4014 886 4097 Marhyam
908 4015 1011 4096 primo
1037 4016 1149 4077 citatus
1166 4036 1230 4076 non
1256 4017 1445 4098 comparuit.

339 4118 416 4178 Item
442 4138 534 4178 causa
560 4119 649 4178 PauIi
679 4120 792 4180 literati
827 4120 867 4180 ita
901 4135 946 4180 est
980 4121 1127 4200 judicata,
1160 4122 1248 4202 quod
1274 4122 1340 4202 ipse
1374 4122 1495 4209 Paulus

232 4224 394 4303 quandam
421 4225 588 4305 pecuniam
609 4225 757 4286 videlicet
778 4227 988 4306 quadraginta
1006 4226 1074 4289 flor.
1102 4226 1246 4307 Dragech
1264 4229 1391 4288 sartoris
1408 4228 1493 4309 apud

233 4327 348 4409 Gyuan
375 4330 543 4410 prohibere
568 4351 631 4391 non
659 4331 831 4412 potuisset;
856 4331 922 4412 ipse
947 4347 1052 4393 autern
1080 4333 1197 4393 Paulus
1222 4334 1338 4393 dictam
1363 4353 1491 4394 causam

232 4431 272 4492 ad
296 4434 445 4513 antiquos
468 4434 590 4514 judices
616 4437 800 4517 appellavit.

338 4538 416 4601 Item
449 4560 541 4602 causa
575 4541 750 4624 Mychaelis
783 4541 961 4625 Ortolflych
994 4557 1103 4604 contra
1137 4544 1244 4605 Hanse
1279 4545 1318 4605 ad
1344 4559 1493 4606 octavum

231 4644 318 4704 diem
344 4661 390 4707 est
414 4663 595 4728 prorogata.

337 4750 412 4813 Item
439 4753 528 4814 Hans
553 4753 737 4816 Cariatinus
761 4753 903 4814 secundo
920 4773 952 4814 se
971 4768 1084 4815 octavo
1110 4755 1162 4816 die
1179 4775 1275 4837 super
1299 4776 1337 4816 eo
1362 4755 1492 4835 jurabit,
