3472 5234
241 364 301 425 174
642 346 728 401 Anno
751 339 843 418 1382.
868 376 911 386 —
934 357 984 419 23.
1008 345 1088 403 maii.

343 557 421 618 ltem
447 555 647 637 Margaretha
672 556 814 617 saiivena
840 569 950 616 contra
968 552 1146 634 Georgium
1170 554 1334 615 literatum
1357 554 1500 616 secundo

237 664 331 725 citata
355 683 421 724 non
446 662 636 743 comparuit.

343 770 420 830 item
435 768 520 829 iwan
534 766 693 828 Wrouich
706 780 815 829 contra
831 765 938 828 Lachk
951 765 1094 826 secundo
1104 765 1217 826 citatus
1230 784 1295 825 non
1309 765 1499 846 comparuit.

344 874 421 935 Item
443 873 622 955 Mykusius
652 872 789 934 condam
822 871 918 953 judex
950 886 1064 933 octavo
1096 871 1148 932 die
1173 889 1269 951 super
1300 890 1339 932 eo
1371 869 1499 951 jurabit,

237 981 326 1062 quod
351 980 482 1061 quidem
508 998 609 1060 equus
639 978 805 1039 cuiusdam
837 977 1018 1058 jobagionis
1052 976 1206 1058 Stephani
1239 974 1370 1057 Chupin
1395 976 1500 1038 vocati

235 1100 368 1169 propter
390 1085 517 1167 culpam
542 1103 634 1145 suam
658 1097 804 1145 mortuus
827 1082 933 1146 fuerit.

344 1192 421 1253 Item
448 1189 611 1251 Johannes
634 1189 764 1270 jobagio
782 1187 940 1271 Delasych
966 1202 1080 1250 octavo
1097 1187 1149 1249 die
1173 1201 1262 1249 sexto
1280 1207 1312 1248 se
1337 1206 1500 1269 supereo,

237 1298 325 1380 quod
350 1299 417 1379 ipse
442 1298 474 1357 in
498 1296 589 1358 totali
613 1297 744 1357 accione
769 1310 800 1356 et
823 1295 1041 1376 acquisicione
1075 1294 1199 1356 domini
1232 1295 1379 1356 Barnabe
1404 1314 1500 1356 cano·

238 1404 301 1465 nici
327 1404 482 1464 innocens
506 1402 546 1463 sit
569 1416 600 1464 et
624 1401 745 1464 existat.

344 1511 422 1572 Item
440 1510 571 1571 domina
589 1509 696 1570 relicta
714 1506 869 1569 Johannis
885 1507 925 1568 de
943 1506 1117 1568 Maroucha
1134 1507 1309 1588 quamdam
1328 1506 1499 1568 clamidem

237 1631 352 1680 octavo
377 1616 428 1676 die
453 1634 560 1677 coram
586 1614 680 1675 nobis
703 1627 840 1675 statuere
864 1614 915 1674 vel
946 1613 1168 1675 testimonium
1200 1613 1231 1674 in
1258 1632 1297 1675 eo
1322 1613 1500 1695 producere

237 1721 344 1799 debet,
369 1721 457 1802 quod
483 1721 582 1802 ipsam
617 1720 771 1782 Nicolaus
802 1718 887 1781 filius
918 1719 1041 1779 Mareni
1066 1718 1105 1779 ad
1137 1718 1363 1780 redimendum
1396 1718 1500 1800 ipsam

236 1828 408 1889 clamidem
433 1827 624 1889 amonuerit.

341 1933 420 1995 Item
445 1934 534 1994 Luka
559 1933 696 1994 condam
720 1931 815 2012 judex
837 1931 868 1992 in
893 1931 1091 2012 aquisicione
1124 1931 1286 1993 Kuskonis
1317 1931 1500 2012 jobagionis

236 2039 389 2120 Stephani
423 2038 558 2120 Chupur
590 2039 743 2100 innocens
767 2038 814 2099 e'st
844 2051 997 2120 repertus,
1023 2058 1120 2119 quam
1144 2038 1375 2119 aquisicionem
1399 2038 1432 2100 in
1459 2057 1498 2099 eo

234 2145 396 2226 predictus
414 2145 526 2205 Kusko
543 2164 637 2225 super
655 2145 759 2225 ipsum
777 2145 912 2222 Lukam‚
930 2144 1018 2225 quod
1036 2145 1103 2226 ipse
1121 2145 1210 2205 Luka
1228 2144 1332 2206 eidem
1352 2144 1499 2206 Kuskoni

236 2270 274 2312 ex
295 2265 384 2331 parte
409 2249 553 2328 Dragech
578 2268 757 2329 congruens
781 2249 935 2330 judicium
961 2269 1025 2310 non
1051 2247 1184 2310 fecisset.

342 2356 421 2417 item
447 2354 562 2437 Gyuan
587 2369 702 2417 octavo
726 2355 778 2415 die
802 2375 897 2436 super
926 2375 976 2432 eo,
1001 2354 1088 2436 quod
1115 2354 1182 2436 ipse
1206 2354 1400 2416 tricesimam
1425 2368 1499 2416 ante

233 2460 407 2522 terminum
426 2480 492 2521 non
509 2473 713 2541 acceptasset,
738 2479 795 2520 nec
820 2459 959 2521 Johanni
976 2458 1043 2521 filio
1067 2459 1244 2542 Mychaelis
1265 2459 1297 2521 in
1316 2461 1383 2542 ipsa
1407 2461 1499 2522 trice·

234 2567 315 2628 sima
340 2566 453 2647 viginti
477 2566 547 2629 flor.
572 2567 704 2648 dampni
729 2565 895 2643 intullerit‚
919 2565 1046 2646 jurabit.

341 2673 418 2735 item
442 2673 531 2754 quod
556 2673 631 2754 quia
657 2672 821 2733 Dionisius
845 2670 1032 2734 Carintinus
1052 2670 1150 2749 faber,
1175 2670 1315 2733 famulus
1339 2671 1497 2734 Hermoni

235 2778 316 2840 fabri
341 2779 373 2840 in
398 2779 540 2860 quodam
563 2777 751 2860 furti(ci)nio
776 2792 824 2840 est
847 2792 1001 2859 repertus,
1032 2777 1105 2838 ideo
1131 2790 1217 2839 extra
1241 2777 1405 2839 civitatem
1429 2796 1499 2837 ver·

236 2884 338 2945 berari
363 2884 459 2946 debet
483 2885 537 2962 ita,
561 2885 650 2966 quod
675 2903 841 2965 nunquam
867 2884 899 2944 in
930 2884 1092 2945 civitatem
1116 2883 1233 2944 intrare
1258 2883 1376 2964 possit3
1401 2884 1427 2944 si
1451 2903 1499 2944 re·

235 2989 411 3071 prehensus
435 2990 531 3052 fuerit
556 2992 586 3051 in
602 2991 728 3052 civitate
747 2991 797 3050 vel
822 2990 890 3051 eius
908 2990 1079 3067 territorio,
1103 3003 1179 3051 tunc
1196 2989 1235 3050 de
1262 2989 1331 3070 ipso
1356 2991 1499 3053 vindicta

238 3109 439 3177 sumpmatur
462 3096 502 3157 ad
527 3095 800 3178 suspendendum.

342 3201 420 3262 Item
442 3200 548 3283 Masya
574 3215 684 3262 contra
708 3202 853 3262 Marcum
877 3200 980 3262 filiurn
1005 3201 1153 3262 Damiani
1172 3203 1271 3263 tercio
1297 3201 1410 3263 citatus
1433 3222 1498 3264 non

237 3308 428 3386 comparuit.

342 3413 420 3472 Item
445 3412 560 3494 Jaklyn
585 3426 695 3473 contra
727 3410 912 3471 Ladislaum
944 3413 1027 3474 tular
1059 3427 1173 3474 octavo
1198 3414 1249 3473 die
1282 3414 1499 3495 respondebit.

391 3627 489 3701 Faria
517 3638 616 3701 sexta
644 3631 797 3719 proxima
826 3639 904 3701 ante
931 3631 1054 3702 sestam
1083 3610 1336 3702 Penthecostess

777 3797 839 3859 (23.
863 3784 954 3849 maii).

342 3921 420 3983 item
445 3922 552 3982 Endre
578 3921 661 3983 filius
685 3922 812 3983 Iwanka
836 3936 946 3985 contra
964 3924 1092 3984 Petrum
1117 3922 1220 3985 filium
1245 3924 1330 3985 iwan
1355 3926 1499 3988 secundo

235 4027 349 4087 citatus
373 4046 438 4088 non
467 4029 655 4108 comparuit.

342 4132 419 4193 Item
453 4132 564 4194 Petrus
596 4133 712 4214 longus
744 4148 845 4195 sartor
877 4153 977 4214 usque
1010 4134 1190 4214 quindenas
1225 4135 1358 4197 domine
1390 4136 1498 4199 relicte

238 4235 344 4295 Endre
376 4236 414 4296 de
447 4238 524 4297 turri
557 4253 587 4300 et
619 4237 692 4299 filiis
723 4240 787 4299 suis
821 4254 949 4299 centum
983 4239 1216 4319 quinquaginta
1248 4260 1301 4301 sex
1333 4240 1402 4304 flor.
1435 4242 1498 4303 sol-

237 4359 311 4400 vere
336 4340 440 4403 debet.

342 4444 420 4507 Item
445 4448 608 4509 Fabianus
630 4449 772 4511 literatus
805 4463 914 4511 contra
947 4450 1127 4511 Barnabam
1160 4451 1359 4514 sacerdotem
1392 4454 1498 4535 primo

238 4550 351 4610 citatus
375 4573 440 4614 non
465 4556 654 4636 comparuit.

339 4656 416 4718 item
452 4659 614 4721 Johannes
649 4659 746 4722 frater
781 4660 921 4723 custodis
961 4675 1070 4723 contra
1112 4663 1328 4725 Laurencium
1357 4663 1497 4745 iuratum

234 4761 339 4842 primo
363 4763 476 4825 citatus
500 4785 565 4827 non
590 4767 780 4848 comparuit.
