3472 5234
601 308 688 365 Anno
711 304 801 385 1376.
827 341 867 351 -
891 322 923 386 4.
946 309 1114 370 novembris.

321 524 419 599 IerIn
448 530 555 598 tercia
582 529 737 616 proximu
765 534 843 616 post
870 527 994 598 festum
1020 525 1171 600 Omnium
1200 535 1406 600 sanctorum.

741 675 789 758 (4.
812 677 1005 760 novembris).

339 817 447 879 Primo
472 818 628 879 Martinus
660 818 876 900 carpentarius
908 831 1017 881 contra
1042 816 1218 901 Jaquetych
1240 818 1346 901 primo
1382 818 1496 881 citatus

232 944 298 986 non
327 923 516 1006 comparuit.

341 1029 419 1091 Item
452 1030 565 1091 Marko
597 1029 713 1091 Putaui
745 1043 856 1090 contra
889 1028 1082 1111 Gregorium
1107 1049 1219 1091 voscar
1245 1029 1352 1112 primo
1384 1029 1498 1093 citatus

237 1155 302 1198 non
330 1136 519 1217 comparuit.

340 1241 418 1302 Item
435 1240 638 1302 Beheruarad
663 1254 772 1302 contra
797 1240 927 1304 Petrum
950 1240 1149 1302 sacerdotem
1173 1240 1278 1322 primo
1295 1240 1409 1302 citatus
1432 1259 1498 1301 non

232 1347 421 1430 comparuit.
994 1420 995 1424 Ἰ

336 1453 415 1514 Item
440 1451 621 1535 Stephanus
645 1451 789 1513 Pundich
824 1466 933 1514 contra
958 1453 1132 1515 Martinam
1153 1452 1259 1535 primo
1291 1452 1404 1514 citatus
1427 1471 1494 1513 non
1527 1514 1529 1519 ,

237 1559 427 1642 comparuit.

343 1665 421 1726 Item
445 1663 596 1744 magister
620 1662 763 1725 Francha
792 1676 823 1726 et
855 1663 941 1724 Luca
966 1663 1095 1724 Bonioli
1127 1662 1338 1725 commissarii
1369 1661 1499 1724 Andree

233 1771 334 1832 Kozel
364 1771 396 1831 in
421 1768 593 1850 quindenis
617 1767 748 1830 domine
773 1768 894 1830 Dicaue
921 1768 1154 1850 quinquaginta
1179 1768 1249 1830 flor.
1274 1767 1450 1830 exsolvent.

340 1876 418 1937 Item
443 1875 551 1937 Mathe
575 1887 684 1935 contra
708 1873 843 1935 luanum
868 1887 982 1935 octavo
1007 1874 1058 1935 die
1083 1873 1300 1956 respondebit.

338 1981 418 2044 Item
441 1980 551 2042 relicta
576 1979 672 2062 Myke
696 1992 806 2042 contra
831 1979 1002 2042 Nicolaum
1026 1979 1128 2041 lilium
1161 1979 1286 2041 Nicolai
1311 1979 1417 2061 prImo
1452 1978 1495 2040 ci·

235 2101 298 2150 tata
322 2107 386 2150 non
411 2085 601 2168 comparuit.

340 2439 448 2501 PrImo
481 2437 557 2499 Iuan
591 2437 700 2500 Sibich
732 2436 809 2499 feria
840 2451 927 2500 sexta
958 2438 1105 2500 atestabit
1134 2457 1192 2521 per
1226 2438 1333 2500 Mathe
1357 2451 1497 2500 sutorem

236 2544 406 2626 hospitem,
437 2544 610 2605 Anslinum
641 2557 794 2622 sutorem,
826 2543 1005 2605 Iohannem
1038 2543 1154 2622 Pazar,
1186 2542 1372 2605 Ladislaum
1403 2544 1499 2623 tular,

238 2649 374 2711 Paulum
399 2648 536 2728 fabrum,
561 2649 759 2728 Lorandum,
784 2649 984 2711 Hermanum
1006 2647 1142 2728 fabrum,
1167 2649 1347 2710 Iohannem
1372 2648 1500 2731 sellipa·

240 2774 322 2833 rum,
346 2754 546 2816 Anthonium
578 2768 718 2816 sutorem
742 2768 773 2816 et
805 2755 987 2817 Emericum
1012 2774 1201 2837 arcuparutn
1219 2773 1314 2837 super
1337 2774 1388 2833 eo,
1412 2753 1501 2835 quod

163 2854 168 2862 ’
238 2861 297 2943 ipsi
320 2860 465 2942 gladium
490 2860 693 2922 abstulissent
715 2880 732 2921 a
757 2860 941 2922 Clementio
972 2874 1089 2938 sutore,
1128 2860 1216 2942 quod
1240 2861 1367 2922 malicia
1391 2874 1499 2922 exorta

237 2986 302 3029 non
327 2965 437 3027 luisset
461 2965 543 3027 inter
575 2965 677 3047 ipsos;
709 2965 942 3047 quemquidem
972 2965 1118 3047 gladium
1150 2966 1236 3028 idem
1266 2966 1375 3028 Sibich
1399 2965 1497 3049 judici

240 3072 272 3133 in
295 3072 402 3154 specie
424 3085 645 3154 presentasset.

345 3178 423 3240 Item
448 3197 542 3240 causa
576 3177 718 3259 magistri
751 3176 883 3260 Georgii
916 3180 1044 3241 sartoris
1068 3193 1099 3241 et
1130 3177 1279 3261 Gregorii
1303 3193 1413 3241 contra
1443 3179 1501 3241 do·

238 3284 359 3346 mioam
385 3284 545 3365 Reginam
568 3297 614 3344 est
637 3296 710 3365 post
742 3284 915 3346 adventum
941 3284 1072 3366 Georgii
1098 3285 1215 3348 literati
1238 3285 1277 3348 de
1301 3285 1499 3369 Wyssegrad

240 3389 280 3451 ad
304 3389 444 3472 primum
467 3388 623 3470 judicium
647 3388 883 3472 perhemptorie
907 3405 1089 3472 prorogata.

347 3495 426 3558 Item
458 3515 551 3557 causa
584 3493 713 3557 Gerdak
743 3509 773 3557 et
798 3496 905 3558 Lachk
936 3495 1072 3578 lapicide
1106 3497 1215 3558 estad
1245 3496 1358 3559 feriam
1382 3510 1504 3560 sextam

240 3615 312 3684 post
335 3600 451 3664 festum
478 3601 559 3662 beati
585 3601 714 3663 Martini
738 3601 929 3664 confessoris
952 3616 1135 3684 prorogata.

346 3706 424 3769 Item
449 3707 526 3768 Iuan
542 3707 684 3768 Vrouich
701 3721 809 3769 contra
834 3708 1045 3770 Benedictum
1062 3707 1243 3771 carnificem
1260 3710 1365 3791 primo
1390 3709 1504 3773 citatus

240 3832 305 3875 non
328 3813 518 3894 comparuit.

345 3918 423 3980 Item
448 3918 617 3980 Elizabeth
642 3932 752 3979 contra
776 3918 936 3980 Janchech
968 3920 1073 4002 primo
1105 3921 1198 3983 citata
1223 3941 1288 3983 non
1313 3922 1503 4003 comparuit.

348 4023 426 4086 Item
451 4044 545 4086 causa
562 4023 739 4086 Clementis
756 4038 786 4085 et
804 4024 987 4086 Salomonis
1011 4039 1057 4086 est
1072 4046 1129 4108 per
1146 4026 1350 4110 Damyanum
1375 4026 1415 4087 ad
1433 4039 1505 4088 octo

241 4128 309 4190 dies
332 4143 457 4211 recepta
481 4129 521 4190 ad
545 4149 669 4211 pacem.

346 4234 424 4297 Item
448 4239 542 4297 Anna
566 4235 760 4297 Kunouicha
784 4249 894 4298 contra
926 4213 1069 4298 Blasium
1093 4256 1185 4298 suum
1220 4256 1374 4318 generum
1399 4238 1505 4320 primo

242 4340 335 4403 citata
359 4362 424 4404 non
449 4342 638 4424 comparuit.

350 4446 428 4509 Item
453 4465 547 4509 causa
571 4447 648 4509 Iuan
681 4461 711 4508 et
735 4446 884 4528 Gregorii
908 4461 954 4510 est
985 4468 1041 4530 per
1065 4448 1244 4510 Iohannem
1270 4447 1432 4509 Chemerii
1465 4448 1505 4509 ad

244 4565 317 4614 octo
341 4552 410 4645 dies
434 4566 559 4635 recepta
583 4553 623 4614 ad
648 4573 770 4635 pacem.

351 4657 428 4719 Item
454 4657 562 4720 Mathe
586 4671 675 4720 sutor
699 4657 776 4720 feria
801 4672 887 4720 sexta
918 4659 1063 4740 proxime
1087 4678 1172 4720 nunc
1203 4672 1337 4721 ventura
1360 4661 1508 4722 atestabit

242 4781 299 4846 per
330 4762 594 4826 Bartholomeum
623 4763 833 4843 sacerdotem,
865 4764 1006 4825 relictam
1039 4762 1159 4844 Egidii,
1192 4763 1376 4848 Philippum
1401 4778 1431 4826 et
1455 4765 1507 4826 Jo-

1385 4874 1400 4936 5
