3472 5234
505 1302 652 1443 (inno
684 1344 864 1436 Domini
896 1341 1209 1441 ucccrxxvi.

723 1526 839 1602 (Mense
859 1528 987 1599 martio).

335 1684 414 1747 item
439 1683 558 1746 Mathia
583 1682 744 1746 aurifaber
760 1683 894 1745 domino
919 1676 1069 1769 Philippo
1094 1686 1125 1746 in
1150 1685 1322 1766 quindenis
1345 1686 1489 1767 quinque

231 1809 352 1852 marcas
375 1790 498 1871 argenti
527 1790 623 1868 boni,
653 1789 760 1851 minus
784 1809 849 1851 uno
883 1789 1024 1869 fertone,
1056 1790 1096 1852 ad
1120 1805 1266 1873 quartam
1290 1805 1411 1874 partem
1438 1812 1490 1854 ex·

226 1896 341 1960 solvet.

335 2001 413 2063 item
447 2001 567 2063 Mathia
599 2002 759 2065 aurifaber
789 2018 903 2065 octavo
928 2004 980 2064 die
1012 2003 1158 2065 atestabit
1181 2022 1237 2084 per
1269 2003 1374 2064 Eliam
1407 2005 1490 2064 auri-

231 2107 370 2187 fabrum,
393 2107 556 2169 Vidonem
587 2123 617 2169 et
647 2111 803 2171 Jacobum
836 2109 997 2171 medicum
1026 2129 1121 2191 super
1153 2128 1202 2187 co,
1228 2108 1314 2189 quod
1347 2109 1413 2190 ipse
1438 2129 1490 2170 sex

231 2227 353 2274 caratos
376 2213 499 2294 argenti
524 2213 713 2276 Sebastiano
737 2228 847 2277 nostro
865 2214 1002 2276 condam
1020 2215 1145 2276 concivi
1169 2214 1359 2295 assignasset
1382 2228 1413 2275 et
1437 2214 1490 2277 de·

229 2318 336 2399 disset,
360 2332 391 2381 et
414 2318 503 2399 quod
528 2320 666 2381 Jacobus
689 2319 829 2382 famulus
853 2321 952 2402 ipsius
976 2320 1154 2381 Sabastiani
1181 2321 1211 2380 in
1238 2321 1400 2401 presencia
1425 2340 1491 2381 ma·

228 2425 317 2506 gistri
342 2425 486 2487 Franche
510 2424 662 2488 aurifabri
687 2439 718 2490 et
743 2427 895 2510 Gyutgek
919 2427 1072 2508 premissa
1097 2440 1269 2488 atestasset.

332 2530 412 2593 Item
436 2530 523 2592 idem
548 2530 668 2593 Mathia
686 2531 845 2594 aurifaber
861 2553 917 2614 per
934 2531 1110 2613 Georgium
1130 2532 1290 2592 literatum
1314 2547 1345 2594 et
1368 2534 1491 2595 Antho-

208 2636 320 2702 nium
345 2637 458 2718 Renyz
482 2638 628 2698 atestabit
652 2638 767 2700 eodem
800 2639 851 2700 die
883 2657 978 2720 super
1002 2638 1166 2699 laboribus
1197 2656 1279 2717 quos
1303 2639 1491 2700 Sebastiano

229 2741 398 2804 intulisset.

333 2847 411 2909 item
436 2846 598 2909 Johannes
621 2847 706 2909 filius
731 2849 876 2910 Domkus
908 2862 1016 2910 contra
1042 2848 1221 2911 Johanuem
1255 2847 1350 2909 Liber
1373 2861 1489 2910 octavo

230 2949 281 3013 die
305 2952 523 3035 respondebit.

334 3058 412 3119 item
438 3078 531 3121 causa
556 3058 688 3140 Georgii
720 3061 849 3123 sartoris
873 3075 904 3123 et
933 3061 1064 3122 alterius
1089 3059 1222 3143 Georgii
1254 3074 1300 3123 est
1323 3081 1379 3143 per
1405 3063 1490 3122 Mor·

228 3176 322 3225 tonos
345 3163 386 3225 ad
410 3178 484 3226 octo
505 3165 573 3226 dies
597 3178 723 3248 recepta
748 3165 788 3227 ad
812 3187 935 3248 pacem.

333 3270 411 3332 item
435 3270 512 3331 iuan
536 3285 646 3332 contra
671 3272 853 3333 Emericum
879 3273 984 3354 primo
1012 3273 1125 3334 citatus
1149 3292 1214 3334 non
1237 3273 1429 3354 comparuit.

334 3376 412 3438 item
439 3375 540 3439 Elena
565 3391 674 3438 contra
700 3379 871 3440 Lucasium
895 3379 999 3460 primo
1024 3379 1117 3440 citata
1142 3398 1206 3439 non
1232 3379 1425 3459 comparuit.

334 3483 412 3544 Item
433 3502 527 3544 causa
551 3483 657 3545 Deseu
681 3498 712 3545 et
736 3484 829 3545 Hanz
850 3498 896 3546 est
919 3504 975 3566 per
998 3496 1093 3546 testes
1116 3483 1156 3545 ad
1173 3498 1246 3546 octo
1271 3485 1339 3545 dies
1363 3499 1490 3567 recepta

229 3587 268 3648 ad
292 3607 414 3671 pacem.

333 3694 411 3757 item
443 3713 536 3756 causa
566 3694 707 3757 filiorum
739 3694 865 3757 Crisani
898 3710 928 3757 et
958 3695 1133 3757 Alexandri
1165 3710 1212 3758 est
1234 3716 1291 3779 per
1322 3709 1417 3758 testes
1451 3696 1491 3757 ad

227 3798 369 3880 primum
393 3798 549 3880 judicium
574 3814 701 3882 recepta
725 3801 765 3862 ad
789 3820 911 3882 pacem.

335 3904 413 3966 item
431 3905 549 3968 Paulus
566 3907 676 3989 Kypar
688 3926 745 3988 per
762 3906 906 3968 Francha
923 3905 1120 3968 aurifabrum
1136 3919 1167 3968 et
1184 3906 1336 3990 Gyurgek
1354 3906 1492 3968 condam

228 4007 366 4089 juratum
389 4024 499 4074 contra
524 4011 687 4094 Mathyam
712 4011 910 4074 aurifabrum
934 4026 1048 4074 octavo
1078 4012 1129 4074 die
1154 4014 1300 4075 atestabit
1323 4032 1418 4095 super
1442 4032 1492 4092 eo,

229 4114 317 4194 quod
339 4115 400 4177 sibi
425 4136 526 4178 unum
550 4117 709 4180 florenum
734 4118 803 4179 auri
827 4132 998 4180 teneretur.

334 4221 414 4285 item
438 4223 575 4306 Mykech
600 4223 734 4285 claudus
753 4237 863 4286 contra
880 4224 1016 4286 Paulum
1043 4226 1151 4309 Kypar
1167 4225 1271 4306 primo
1296 4225 1409 4286 citatus
1425 4243 1492 4285 non

231 4328 419 4410 comparuit.
585 4319 586 4325 ἵ

334 4432 413 4495 Item
438 4433 622 4496 Anthonius
645 4436 748 4496 Reniz
766 4448 876 4497 contra
900 4437 1056 4498 Jacobum
1074 4437 1235 4499 medicum
1257 4438 1362 4520 primo
1379 4437 1492 4499 citatus

231 4557 295 4599 uon
319 4541 509 4622 comparuit.
662 4607 663 4610 ,

335 4644 413 4707 item
431 4664 524 4707 causa
539 4645 671 4728 Georgii
685 4661 716 4709 et
729 4647 891 4710 Martbnik
903 4661 1048 4710 sutorum
1062 4662 1108 4711 est
1121 4669 1177 4731 per
1190 4662 1286 4711 testes
1299 4649 1338 4710 ad
1352 4649 1492 4731 primum

231 4748 388 4832 judicium
411 4765 541 4835 recepta
562 4749 603 4815 sd
630 4773 754 4837 pacem.
