3472 5234
653 287 739 344 Anno
761 296 849 363 1375·
877 321 917 330 -
942 284 994 348 18.
1017 291 1098 348 maii.
1462 310 1501 372 23

345 495 423 557 Item
448 495 533 558 Vido
557 508 658 557 sartor
682 510 791 559 contra
814 496 954 577 judicem
980 499 1008 559 X
1033 501 1147 561 marcis
1176 514 1222 563 est
1246 503 1420 565 convictus.

345 600 423 663 Item
448 602 571 663 Mariua
595 616 704 664 contra
729 602 946 684 Dragozlaum
974 604 1014 665 ad
1039 607 1303 688 respondendum
1325 628 1392 670 non
1416 609 1504 671 venit

239 725 344 789 neque
368 708 466 771 misit.

345 813 423 876 Item
447 814 602 876 Martinus
626 814 664 875 de
686 815 833 877 Zanabor
857 829 966 879 contra
984 817 1138 881 Mathiam
1163 832 1305 882 sutorem
1330 821 1435 903 primo
1459 822 1502 883 ci·

239 930 322 981 tatus
346 938 411 981 non
436 920 626 1002 comparuit.

344 1025 422 1087 Item
447 1026 559 1089 Gozka
583 1043 692 1090 contra
718 1028 812 1089 Iuecb
836 1029 978 1091 secundo
1011 1030 1104 1092 citata
1129 1050 1194 1092 non
1219 1032 1412 1113 comparuit.

343 1150 421 1211 Item
446 1152 583 1213 Jacobus
606 1151 691 1215 filius
715 1154 825 1216 Jacobi
850 1168 960 1216 contra
990 1155 1144 1218 Mahnam
1169 1156 1273 1238 primo
1297 1157 1411 1219 citatus
1435 1177 1500 1219 non

239 1257 427 1338 comparuit.

344 1363 422 1424 Item
447 1383 541 1425 causa
565 1364 641 1426 Iuan
667 1379 697 1426 et
714 1364 868 1427 Pozmalo
891 1378 937 1427 est
952 1385 1009 1447 per
1027 1366 1155 1428 Petrum
1179 1366 1220 1429 ad
1245 1381 1318 1430 octo
1343 1367 1412 1430 dies
1427 1389 1501 1451 pro-

234 1480 349 1548 rogata
373 1468 413 1530 ad
436 1489 561 1552 pacem.

343 1575 422 1637 Item
459 1575 611 1639 Clemens
646 1589 734 1639 sutor
770 1576 918 1658 quitquid
963 1577 1101 1659 quesivit
1135 1598 1232 1661 super
1267 1580 1393 1643 Malech
1429 1601 1500 1664 per-

239 1680 321 1743 didit
346 1683 466 1745 omnia.

395 1916 492 1992 Faria
519 1927 618 1992 sexta
647 1924 800 2010 proxima
829 1929 907 1993 ante
939 1923 1061 1994 festum
1090 1930 1206 1995 sancte
1233 1921 1340 1997 Eleae.

774 2088 839 2168 (18.
863 2091 958 2168 maii).

342 2250 451 2311 Primo
475 2250 552 2310 Iuan
577 2247 716 2311 carnifex
749 2262 858 2311 contra
892 2248 1021 2310 Petrum
1045 2249 1151 2331 primo
1184 2250 1297 2312 citatus
1321 2271 1387 2313 non
1412 2272 1499 2315 com·

236 2356 351 2440 paruit.

342 2462 420 2523 Item
435 2460 582 2544 Mychaei
596 2460 755 2543 Damyani
774 2475 884 2524 contra
897 2462 1066 2524 Miclinum
1084 2477 1198 2525 octavo
1211 2464 1264 2526 die
1280 2463 1498 2546 respondebit.

341 2568 419 2629 Item
444 2580 559 2629 octavo
583 2566 635 2628 die
661 2567 772 2628 Kusko
796 2587 853 2649 per
874 2567 1074 2651 Mychaelem
1098 2568 1249 2649 juratum,
1274 2570 1443 2631 luaninum
1469 2584 1499 2631 et

237 2672 436 2757 Stephanum
462 2670 554 2734 Cifus
585 2672 809 2754 comprobabit
840 2687 950 2736 contra
979 2675 1099 2736 Mixam
1131 2674 1220 2756 quod
1252 2674 1292 2736 de
1316 2675 1386 2757 ipso
1410 2674 1498 2755 justi·

237 2781 317 2843 ciam
341 2779 534 2863 postulasset
556 2792 629 2840 ante
653 2778 823 2840 dominum
853 2781 1012 2842 Briccium
1034 2780 1074 2842 de
1098 2780 1241 2861 quodam
1265 2780 1385 2858 debito,
1410 2781 1498 2861 quod

235 2887 296 2949 sibi
320 2887 454 2948 minime
479 2885 603 2947 solvere
628 2899 776 2948 curasset.

341 3010 419 3072 item
443 3009 627 3071 Anthonius
648 3022 736 3071 sutor
758 3021 868 3071 contra
894 3008 1040 3072 Gozkam
1065 3021 1179 3071 octavo
1203 3007 1256 3071 die
1280 3007 1497 3090 respondebit.

340 3116 419 3178 Item
443 3115 560 3177 ancilla
577 3116 706 3177 Martini
725 3115 872 3196 Hungari
889 3116 988 3177 nostri
1008 3115 1148 3177 concivis
1164 3134 1258 3175 suum
1282 3113 1497 3196 juramentum

237 3238 272 3287 ut
296 3223 458 3285 debuisset
477 3222 637 3305 deponere
656 3241 720 3283 non
738 3222 868 3301 curavit,
886 3241 962 3302 ergo
979 3222 1175 3302 ubicumque
1193 3220 1427 3303 aprehendetur
1451 3241 1498 3283 se·
1528 3231 1531 3237 '

236 3328 379 3392 cundum
403 3327 452 3409 jus
477 3328 613 3389 civitatis
636 3328 796 3409 punietur.

340 3435 419 3497 Item
444 3447 558 3496 octavo
590 3433 641 3495 die
675 3433 746 3495 Elia
770 3431 930 3495 aurifaber
962 3445 1072 3494 contra
1096 3432 1263 3494 dominam
1295 3432 1425 3495 Claram
1449 3453 1498 3495 re·

234 3541 417 3625 spondebit.

339 3648 417 3709 Item
454 3646 568 3708 domos
602 3646 739 3708 condam
775 3646 918 3729 Fabyaui
955 3645 1145 3728 carpentarii
1177 3645 1287 3707 comiti
1323 3645 1402 3707 Wllr
1437 3666 1496 3728 pro

233 3767 356 3836 septem
381 3753 495 3814 marcis
519 3751 726 3814 denariorum
759 3751 1015 3833 adjudicavimus
1047 3750 1261 3829 vendendam,
1294 3751 1412 3832 quibus
1436 3753 1496 3813 sibi

233 3862 418 3936 tenebatur3
448 3871 564 3920 restam
596 3873 701 3920 autern
733 3859 832 3940 ipsius
863 3857 979 3918 domus
1010 3857 1109 3939 precii
1140 3857 1332 3940 propinquis
1362 3857 1496 3939 predicti

234 3966 378 4050 Fabyaui
401 3966 552 4027 dandam.
629 3956 632 3962 ’

339 4089 417 4152 Item
442 4089 598 4150 Martinus
615 4090 830 4172 carpentarius
854 4088 1075 4150 testimonium
1091 4086 1243 4168 produxit
1266 4107 1322 4169 per
1335 4085 1495 4167 Gerdech‚

234 4195 409 4273 Thomam‚
440 4195 630 4274 Johannem,
654 4195 834 4255 Barnabam
866 4207 897 4255 et
930 4193 1069 4273 Gerdak‚
1101 4192 1189 4275 quod
1221 4194 1327 4275 ipsum
1351 4193 1496 4256 Andreas

234 4301 367 4364 Scortha
390 4301 423 4362 in
447 4320 508 4384 vya
529 4301 657 4382 publica
675 4301 903 4382 procedentem
928 4320 1001 4361 cum
1026 4301 1091 4361 suis
1107 4300 1311 4361 mercenariis
1335 4300 1495 4381 captivare

234 4407 387 4470 voluisset
419 4407 598 4488 irrequisita
629 4407 717 4489 prius
747 4407 835 4468 omni
868 4407 1010 4489 justicia3
1043 4406 1083 4467 ad
1114 4405 1273 4488 justiciam
1297 4419 1403 4466 autem
1429 4425 1494 4466 non

234 4513 321 4574 venit
343 4532 449 4594 neque
473 4514 569 4592 misit,
594 4513 811 4596 promittendo
835 4534 868 4575 se
891 4527 1000 4574 tamen
1025 4513 1143 4576 venire.

340 4619 418 4681 Item
442 4619 595 4681 Nicolaus
628 4620 694 4681 Ban
728 4633 837 4680 contra
869 4616 1071 4701 Mychaelem
1094 4618 1214 4681 Vamos
1245 4617 1350 4700 primo
1381 4616 1495 4679 citatus

235 4742 300 4785 non
323 4725 512 4805 comparuit.
