3472 5234
642 297 834 373 Ann01377.
860 330 900 340 -
922 311 955 372 9.
979 297 1107 358 octobris.

357 505 434 566 Item
462 505 538 567 Iuan
564 519 673 569 contra
698 505 876 588 Georgium
901 508 1006 591 primo
1030 508 1144 570 citatus
1169 528 1234 570 non
1258 509 1449 591 comparuit.

356 611 434 673 Item
460 632 553 674 causa
585 613 710 674 Nicolai
741 626 771 676 et
803 612 935 695 Georgii
959 615 1154 697 piscatorum
1186 628 1232 677 est
1254 635 1311 697 per
1336 616 1515 679 Iwaninum

249 716 289 777 ad
313 730 386 779 octo
412 717 479 779 dies
504 732 630 802 recepta
654 719 694 781 ad
719 739 842 802 pacem.

354 825 432 886 Item
458 826 602 888 Francha
626 826 711 888 filius
735 826 861 888 Nicolai
886 841 996 889 contra
1019 828 1191 890 Nicolaum
1213 829 1350 892 condam
1373 829 1513 912 judicem

248 943 362 992 octavo
388 930 440 993 die
465 931 681 1014 respondebit.

354 1037 433 1098 Item
452 1038 608 1100 Martinus
632 1053 741 1101 contra
759 1039 895 1101 Paulum
920 1040 1025 1123 primo
1049 1040 1163 1102 citatus
1187 1061 1252 1103 non
1277 1043 1467 1124 comparuit.

357 1143 433 1204 Item
460 1143 623 1206 Johannes
655 1159 687 1207 et
718 1145 872 1208 Crisanus
903 1159 1012 1207 contra
1046 1147 1247 1229 Mychaelem
1272 1146 1376 1209 Ortofi
1408 1149 1513 1231 primo

249 1249 335 1311 citati
361 1269 426 1311 non
448 1265 707 1333 comparuerunt.

356 1356 434 1418 Item
460 1357 526 1440 Syb
550 1372 660 1420 contra
684 1358 902 1420 Alexandrum
924 1358 1029 1440 primo
1053 1358 1167 1420 citatus
1191 1378 1256 1419 non
1280 1360 1468 1441 comparuit.

354 1462 431 1524 Item
466 1464 532 1546 Syb
556 1478 666 1525 contra
692 1463 840 1525 Chuethk
871 1479 901 1526 et
925 1465 1114 1547 Fabyanum
1145 1463 1307 1526 literatum
1330 1465 1435 1548 primo
1470 1466 1512 1527 ci·

247 1579 331 1628 tatus
358 1587 422 1629 non
449 1569 639 1650 comparuit.

352 1676 430 1738 Item
457 1676 523 1760 Syb
548 1691 657 1739 contra
682 1676 869 1738 Ladislaum
896 1676 1036 1757 juratum
1067 1677 1173 1759 primo
1197 1677 1311 1740 citatus
1335 1698 1398 1740 non
1425 1697 1513 1740 com·

246 1782 361 1862 paruit.

353 1888 432 1950 Item
457 1890 589 1951 domina
612 1895 740 1971 Agnesa
757 1889 865 1951 relicta
890 1888 1027 1950 condam
1045 1890 1152 1970 magni
1171 1889 1241 1950 Elie
1266 1889 1401 1952 domino
1419 1891 1511 1952 Jaco-

245 1994 348 2056 mello
374 2009 501 2057 centurn
528 2007 558 2057 et
582 1997 817 2078 quinquaginta
840 1995 910 2058 flor.
935 1995 1004 2056 auri
1028 2008 1058 2056 et
1091 1995 1222 2056 demum
1247 1996 1359 2058 decem
1383 2011 1414 2059 et
1438 2010 1512 2059 octo

245 2098 315 2162 flor.
341 2100 373 2160 in
398 2101 572 2182 quindenis
595 2103 776 2184 persolvere
801 2102 906 2164 debet.

352 2206 430 2268 Item
455 2207 617 2269 Johannes
639 2208 802 2271 Chemerii
826 2206 961 2269 domino
978 2205 1156 2268 Jacomello
1180 2207 1212 2268 in
1238 2206 1411 2289 quindenis
1436 2228 1511 2273 cen-

244 2325 312 2373 tum
338 2312 408 2375 flor.
433 2315 502 2375 auri
527 2316 690 2377 exsolvere
715 2314 821 2376 debet.

350 2419 429 2480 Item
454 2419 617 2482 Johannes
641 2421 739 2482 Pazar
763 2434 872 2482 contra
905 2419 1068 2481 Thomam
1092 2433 1234 2480 sutorem
1258 2420 1363 2501 primo
1396 2420 1511 2483 citatus

244 2544 310 2587 non
336 2529 525 2608 comparuit.

351 2633 426 2694 Item
452 2634 598 2696 Andreas
616 2634 681 2717 Syb
698 2647 812 2696 octavo
830 2634 881 2695 die
905 2652 962 2714 per
979 2633 1085 2693 Eliam
1111 2631 1320 2711 aurifabrum,
1339 2632 1510 2694 Herricum

244 2737 427 2818 pellificem,
460 2739 641 2801 Corardum
674 2753 830 2802 textorem
867 2753 898 2801 et
928 2738 1130 2821 Scuryanech
1163 2739 1310 2800 atestabit
1334 2758 1429 2821 super
1460 2757 1510 2819 eo,

244 2845 333 2924 quod
358 2846 424 2926 ipse
449 2846 612 2927 quendam
636 2846 780 2927 gladium
806 2866 823 2906 a
845 2845 999 2927 Fabyano
1017 2844 1143 2906 literato
1167 2864 1263 2926 super
1279 2865 1311 2906 se
1328 2845 1510 2927 recepisset.

354 2951 431 3014 Item
464 2952 646 3014 Alexander
677 2952 824 3014 atestabit
856 2965 965 3013 contra
999 2951 1064 3033 Syb
1097 2970 1153 3033 per
1185 2950 1351 3013 dominam
1376 2971 1509 3013 uxorem

244 3056 389 3118 Mauricii
415 3058 544 3120 Floram
570 3071 601 3121 et
625 3058 767 3120 relictam
785 3059 898 3119 Bozou
921 3077 1083 3139 supereo,
1108 3057 1195 3138 quod
1219 3057 1305 3119 idem
1330 3057 1396 3140 Syb
1413 3077 1509 3141 super

243 3162 377 3224 domum
402 3183 493 3225 suam
518 3165 670 3242 irruisset,
694 3163 824 3246 januam
842 3164 1052 3226 demactasset
1076 3177 1106 3225 et
1129 3183 1220 3225 suam
1245 3184 1378 3227 uxorem
1402 3165 1508 3227 verbis

243 3269 389 3350 turpibus
413 3269 578 3331 affecisset.

349 3375 427 3437 Item
449 3395 542 3436 causa
566 3395 615 3436 ser
640 3374 756 3458 Gyuan
781 3389 811 3437 et
834 3375 977 3456 magistri
996 3376 1152 3437 Iohannis
1169 3374 1274 3458 Crispi
1299 3377 1408 3438 estad
1433 3390 1507 3440 octo

243 3480 312 3541 dies
336 3495 505 3562 prorogata
530 3481 570 3542 ad
595 3480 778 3562 ponendam
804 3481 978 3542 racIonem.

348 3587 426 3648 Item
452 3588 573 3671 Symon
599 3585 737 3649 carnifex
763 3601 873 3649 contra
897 3586 1074 3668 Georgium
1099 3586 1237 3668 juratum
1261 3589 1367 3671 primo
1392 3589 1507 3651 citatus

243 3712 307 3754 non
331 3694 521 3775 comparuit.

348 3797 425 3860 Item
451 3800 632 3881 Stephanus
663 3797 755 3862 Cilus
786 3811 896 3860 contra
921 3797 1074 3881 Gyurgek
1107 3799 1337 3881 calcariparum
1361 3800 1505 3863 secundo

242 3904 355 3967 citatus
378 3925 443 3967 non
472 3907 661 3988 comparuit.

349 4011 425 4072 Item
450 4011 622 4074 Chuethko
647 4024 756 4074 contra
780 4013 910 4073 Petrum
934 4024 1048 4073 octavo
1073 4011 1124 4072 die
1149 4011 1366 4094 respondebit.

346 4117 423 4178 Item
449 4117 638 4179 DomInicus
662 4117 750 4178 faber
774 4130 883 4180 contra
907 4117 1049 4178 Iwanum
1074 4117 1179 4198 primo
1196 4118 1309 4179 citatus
1325 4137 1391 4179 non
1415 4137 1504 4180 com·

242 4223 357 4303 paruit.

347 4327 424 4388 Item
446 4329 577 4390 domina
601 4333 695 4389 Anna
719 4343 828 4391 contra
853 4328 1025 4411 Gyuanum
1043 4329 1185 4390 secundo
1209 4329 1302 4391 citata
1324 4350 1390 4393 non
1415 4350 1503 4394 com·

241 4433 356 4515 paruit.

349 4539 425 4601 Item
451 4539 558 4601 Mathe
590 4553 699 4602 contra
725 4541 923 4622 Stephanum
955 4540 1142 4603 sallivenam
1168 4542 1274 4624 primo
1299 4544 1413 4606 citatus
1437 4564 1503 4608 non

242 4646 431 4727 comparuit.

348 4751 426 4811 Item
450 4749 611 4814 Johannes
635 4765 745 4814 contra
766 4751 943 4835 Georgium
960 4753 1065 4835 primo
1089 4752 1202 4815 citatus
1226 4772 1291 4816 non
1309 4757 1502 4838 comparuit.
