3472 5234
658 343 743 400 Anno
766 351 853 418 1375.
878 376 922 386 —
944 357 972 402 1.
988 343 1082 418 junii.
1454 365 1496 427 ²9

341 551 418 614 ltem
454 552 605 633 magister
639 551 766 613 Berend
801 564 912 614 contra
947 553 1073 613 Kunam
1109 553 1252 614 secundo
1287 554 1400 616 citatus
1433 574 1497 615 non

236 659 425 740 comparuit.

340 764 418 827 Item
449 762 526 825 feria
558 776 644 825 sexta
676 762 827 846 Chiplich
859 776 969 825 contra
1003 763 1108 825 Lachk
1139 764 1242 826 lilium
1275 765 1418 828 Teubini
1450 786 1497 828 re·

233 870 415 954 spondebit.

339 995 419 1057 ltem
442 992 626 1056 Anthonius
650 993 788 1055 Zitarich
813 1006 922 1055 contra
940 993 1047 1056 Mathe
1072 992 1272 1057 aurifabrum
1296 995 1438 1057 secundo
1456 996 1497 1058 ci·

235 1114 319 1164 tatus
341 1119 405 1163 non
430 1100 620 1183 comparuit.

341 1206 419 1268 ltem
446 1206 529 1288 lglar
553 1220 662 1268 contra
687 1205 881 1288 Gregorium
906 1207 1013 1289 primo
1037 1208 1151 1270 citatus
1172 1228 1238 1270 non
1262 1210 1450 1292 comparuit.

340 1331 416 1393 ltem
442 1330 561 1393 Batista
585 1343 695 1392 contra
719 1330 895 1393 Parlerium
912 1331 1017 1413 primo
1039 1331 1153 1393 citatus
1176 1352 1240 1394 non
1266 1335 1454 1417 comparuit.

337 1436 417 1498 ltem
440 1437 517 1498 luan
543 1450 652 1498 contra
678 1437 902 1500 Sebestianum
930 1437 1067 1499 condam
1090 1436 1229 1518 judicem
1252 1440 1358 1522 primo
1384 1440 1498 1501 citatus

236 1561 301 1604 non
326 1543 514 1624 comparuit.

340 1648 418 1710 ltem
436 1648 543 1710 Mathe
560 1661 649 1710 sutor
666 1648 810 1710 Kuskoni
837 1650 868 1710 in
886 1649 1059 1730 quindenis
1074 1663 1138 1712 tres
1155 1664 1186 1711 et
1203 1650 1344 1712 mediam
1366 1670 1497 1732 pensam

237 1753 419 1836 persolvere
447 1754 553 1816 debet.

340 1860 418 1922 ltem
442 1874 556 1922 octavo
574 1859 625 1922 die
644 1859 815 1922 Chuethko
839 1881 870 1921 se
892 1862 1008 1923 tercius
1023 1860 1140 1942 jurabit
1157 1875 1267 1924 contra
1291 1860 1494 1925 Clementem

234 1980 364 2049 propter
387 1965 551 2047 quoddam
576 1965 707 2028 lurtum.

340 2089 418 2151 ltem
441 2088 528 2150 idem
552 2088 705 2151 Clemens
729 2103 837 2151 contra
867 2090 1005 2152 eundem
1039 2090 1288 2154 Chuethkonem
1313 2112 1369 2174 per
1394 2092 1495 2155 Geor·

233 2194 323 2276 gium
347 2194 486 2276 juratum
519 2208 550 2257 et
574 2193 681 2256 Mathe
710 2194 867 2274 atestabit,
891 2198 979 2277 qnod
1015 2197 1119 2278 ipsum
1157 2198 1262 2259 verbis
1294 2199 1498 2281 vituperiosis

234 2299 398 2363 affecisset.

339 2406 418 2469 ltem
435 2406 561 2489 Cupich
585 2421 616 2469 et
634 2408 762 2469 Markus
779 2406 910 2470 Perhich
926 2421 1035 2470 contra
1054 2408 1245 2491 Gregorium
1264 2431 1374 2472 voscar
1390 2411 1496 2492 primo

235 2512 320 2575 citati
344 2532 410 2574 non
435 2527 693 2596 comparuerunt.

339 2618 418 2680 ltem
443 2619 599 2681 Martinus
619 2619 788 2701 Zequirich
806 2632 920 2682 octavo
946 2619 997 2680 die
1014 2634 1124 2682 contra
1142 2621 1341 2703 Stephanum
1367 2621 1497 2703 jurabit,

234 2742 322 2824 quod
346 2762 440 2805 suum
463 2742 596 2804 anulum
621 2743 757 2805 nesciret
780 2763 886 2824 neque
914 2743 1020 2824 ipsum
1044 2742 1216 2806 habuisset.

340 2848 417 2909 ltem
443 2847 550 2909 Mathe
575 2861 685 2910 contra
703 2849 916 2910 Laurentium
940 2849 1139 2912 sacerdotem
1162 2851 1268 2933 primo
1293 2853 1406 2913 citatus
1430 2871 1495 2913 non

236 2951 425 3036 comparuit.

339 3058 418 3121 ltem
443 3058 699 3140 adjudicavimus
723 3073 753 3121 et
776 3061 945 3122 statuimus
963 3062 1126 3142 quandam
1159 3063 1297 3140 vineam,
1321 3063 1410 3145 olym
1435 3063 1496 3123 Ne·

236 3164 328 3226 therii
353 3163 518 3244 iohannis,
550 3165 683 3227 ecclesie
716 3167 815 3228 sancti
840 3166 965 3227 Nicolai
997 3166 1188 3229 confessoris
1219 3182 1375 3250 perpetuo
1398 3168 1497 3250 possi·

235 3270 392 3359 dendam;
417 3271 544 3333 labores
567 3284 673 3333 autem
700 3291 781 3352 quos
805 3273 959 3334 Nicolaus
989 3272 1075 3335 filius
1099 3275 1222 3336 Nicolai
1248 3275 1306 3336 filii
1332 3275 1496 3336 Benedicti

236 3376 267 3437 in
291 3376 358 3458 ipsa
384 3374 518 3455 lecisset,
544 3376 603 3459 ipsi
632 3375 744 3438 fratres
776 3377 851 3439 dicti
881 3378 1008 3440 claustri
1034 3380 1119 3441 iuxta
1151 3381 1393 3442 estimationem
1425 3400 1497 3462 pro·

235 3483 350 3544 borum
373 3482 516 3544 virorum
540 3482 734 3564 persolvent.

339 3607 417 3668 ltem
441 3606 587 3668 Donatus
610 3604 689 3669 feria
713 3621 800 3669 sexta
824 3622 934 3670 contra
959 3610 1048 3670 Mark
1073 3629 1128 3691 per
1154 3609 1332 3690 Georgium
1356 3609 1495 3691 juratum

235 3725 266 3775 et
289 3711 440 3774 Cosmum
466 3711 662 3774 aurifabrum
688 3714 845 3793 atestabit,
862 3715 950 3794 quod
974 3715 1034 3776 sibi
1060 3716 1196 3798 Mykech
1215 3717 1333 3797 Magde
1355 3717 1496 3778 totaliter

234 3818 437 3901 persolvisset
459 3837 550 3879 suam
574 3818 767 3898 mercedem,
791 3819 910 3899 quibus
932 3821 992 3882 sibi
1016 3823 1195 3886 tenebatur.

339 3923 417 3986 ltem
441 3924 561 3986 Batista
585 3924 617 3986 in
649 3924 822 4007 quindenis
853 3926 1042 3988 Sebastiano
1075 3929 1219 4009 quinque
1252 3947 1375 3989 marcas
1398 3942 1430 3989 et
1450 3927 1498 4009 ju·

235 4029 297 4092 dici
321 4050 419 4092 unam
443 4030 604 4113 persolvet
627 4050 686 4113 pro
711 4051 761 4109 eo,
785 4032 861 4112 quia
888 4033 992 4115 ipsum
1018 4034 1247 4117 vituperaverit
1270 4048 1301 4095 et
1326 4034 1496 4096 biccellum

234 4136 461 4218 evaginaverit.

338 4242 418 4305 ltem
450 4241 633 4304 Anthonius
665 4242 789 4305 Jursich
824 4257 934 4306 contra
967 4246 1087 4307 Lucam
1118 4244 1261 4307 secundo
1293 4245 1406 4308 citatus
1430 4264 1497 4306 non

235 4350 423 4433 comparuit.

339 4473 416 4536 ltem
442 4493 536 4535 causa
561 4472 678 4535 medici
711 4474 833 4553 Jacobi,
865 4474 1009 4537 Franche
1034 4474 1186 4536 aurifabri
1218 4489 1249 4536 et
1273 4474 1426 4557 Gyurgek
1450 4488 1497 4537 est

234 4579 275 4641 ad
299 4577 412 4642 feriam
436 4593 556 4641 sextam
580 4579 753 4660 plusquam
778 4594 943 4642 venturam
969 4593 1139 4661 prorogata
1162 4580 1203 4641 ad
1227 4600 1349 4662 pacem.

339 4685 416 4748 ltem
434 4685 595 4747 lohannes
617 4683 657 4745 de
682 4683 840 4748 Craleuch
864 4701 974 4748 contra
999 4685 1177 4767 Georgium
1201 4705 1267 4748 non
1290 4687 1496 4768 venitneque

235 4805 331 4854 mint.
