3472 5234
642 332 842 412 Ann01378.
868 368 909 378 -
933 349 962 396 2.
986 336 1101 409 aprilis.
1447 356 1503 416 115

241 443 442 450 ———-
460 443 473 448 ..
488 443 497 449 .
507 443 524 447 -.

345 547 423 609 Item
454 545 638 608 Anthonius
667 566 725 628 per
755 545 899 608 Blasium
930 558 961 606 et
987 545 1090 606 Eliam
1122 542 1200 606 feria
1231 545 1329 606 tercia
1359 547 1507 608 atestabit

240 673 336 736 super
352 673 402 733 eo,
415 652 503 735 quod
521 652 581 713 sibi
596 651 752 713 Salomon
768 649 933 732 quendam
949 650 1076 711 vineam
1088 670 1144 731 per
1156 669 1258 711 annos
1274 663 1337 712 tres
1354 651 1504 716 dedisset.

343 759 423 821 Item
447 758 610 821 lohannes
633 771 734 819 sartor
757 769 867 819 contra
891 756 1070 837 Georgium
1095 755 1267 818 Mikouche
1291 757 1433 818 secundo
1458 758 1503 818 ci-

239 877 323 928 tatus
345 884 412 927 non
436 863 616 946 comparuit

345 970 425 1032 ltem
449 970 545 1033 Clara
569 969 686 1030 mulier
702 968 893 1031 secundario
910 967 950 1029 ad
978 967 1272 1049 proclamacionem
1297 987 1503 1030 communem

238 1094 305 1139 non
328 1076 516 1158 comparuit.

246 1192 249 1205 '
344 1183 423 1245 ltem
459 1180 532 1248 Noz
567 1182 644 1243 luan
676 1180 856 1243 Laurencio
882 1178 1009 1243 Gallico
1043 1181 1073 1242 X
1105 1199 1227 1242 marcas
1264 1181 1296 1242 in
1332 1180 1505 1261 quindenis

238 1289 409 1373 persolvet.

344 1394 423 1457 Item
448 1393 624 1474 Gregorius
647 1407 749 1456 sartor
772 1404 882 1454 contra
907 1391 1088 1470 Miclinum‚
1120 1390 1298 1473 Georgium
1323 1406 1354 1455 et
1377 1393 1502 1455 Antho-

238 1501 329 1563 nium
353 1520 525 1563 assessores
549 1499 654 1581 primo
679 1499 792 1560 citatus
816 1517 881 1560 non
906 1498 1096 1580 comparuit.

346 1607 426 1669 ltem
450 1605 579 1669 Gerdak
604 1618 714 1667 contra
738 1604 902 1686 Filippum
926 1603 1069 1667 secundo
1093 1603 1207 1667 citatus
1222 1622 1289 1666 non
1313 1605 1504 1686 comparuit.

345 1713 424 1775 Item
449 1713 561 1774 Petrus
583 1709 668 1772 filius
692 1709 801 1772 Mathe
832 1723 942 1771 contra
966 1710 1114 1771 Markum
1138 1708 1260 1771 Gemez
1284 1709 1428 1772 secundo
1459 1710 1503 1771 ci·

237 1831 321 1882 tatus
344 1838 409 1881 non
434 1817 624 1889 comparuit.

343 1926 421 1987 Item
439 1925 526 1987 Luca
543 1921 682 1984 carnifex
700 1935 809 1984 contra
827 1921 961 1983 luanum
975 1921 1080 2003 primo
1096 1920 1209 1982 citatus
1226 1939 1292 1982 non
1309 1920 1500 2003 comparuit.

343 2031 422 2095 ltem
446 2031 517 2092 Noz
535 2029 612 2091 luan
635 2042 745 2090 contra
761 2027 932 2091 Nicolaum
957 2025 1060 2089 filium
1077 2027 1202 2089 Nicolai
1219 2026 1362 2089 secundo
1388 2027 1501 2089 citatus

237 2158 303 2201 non
327 2137 518 2220 comparuit.

343 2244 421 2307 ltem
447 2243 600 2305 Nicolaus
623 2253 734 2303 contra
758 2239 928 2304 Radenum
954 2239 1059 2322 primo
1087 2240 1200 2303 citatus
1221 2259 1286 2301 non
1311 2240 1502 2322 comparuit.

344 2351 421 2412 ltem
452 2350 607 2411 Nicolaus
637 2346 723 2409 filius
751 2346 878 2408 Nicolai
910 2360 1019 2408 contra
1048 2345 1226 2408 Renarium
1249 2347 1355 2429 primo
1387 2346 1502 2408 citatus

236 2476 302 2519 non
327 2457 516 2537 comparuit.

343 2563 421 2624 Item
446 2561 602 2623 Martinus
626 2559 842 2642 carpentarius
874 2573 983 2622 contra
1008 2559 1228 2622 Alexandrum
1260 2559 1366 2642 primo
1390 2558 1503 2619 citatus

237 2688 303 2731 non
327 2668 517 2750 comparuit.

342 2775 421 2837 ltem
435 2773 544 2836 Mathe
557 2773 684 2837 Criaani
695 2785 805 2835 contra
821 2773 926 2834 Eliam
939 2772 1081 2835 secundo
1098 2773 1212 2836 citatus
1228 2792 1294 2834 non
1311 2770 1501 2853 comparuit.

342 2882 421 2944 ltem
453 2880 610 2942 Martinus
633 2893 663 2942 et
687 2880 811 2942 Mareas
828 2863 939 2941 contra
963 2880 1069 2942 Eliam
1092 2880 1198 2962 ptimo
1215 2878 1301 2942 citati
1325 2896 1391 2939 non
1414 2895 1501 2938 com·

237 2999 422 3069 paruerunt.

342 3093 420 3155 ltem
444 3112 501 3174 per
524 3105 624 3153 totam
649 3092 915 3154 communitatem
938 3090 998 3154 fuit
1021 3091 1145 3154 editum
1169 3105 1200 3154 et
1222 3105 1388 3170 statutum,
1412 3091 1502 3173 quod

235 3199 509 3280 quandocumque
533 3197 735 3280 Margaretha
760 3198 886 3277 mulier,
911 3199 1001 3260 cuius
1018 3198 1159 3261 auricula
1177 3218 1239 3261 una
1265 3212 1312 3260 est
1335 3198 1445 3278 incisa,
1468 3198 1501 3260 in

234 3305 362 3367 civitate
386 3303 481 3366 luerit
504 3304 707 3386 reprehensa,
731 3303 884 3386 suspendi
909 3304 1040 3366 debebit
1063 3325 1101 3366 eo
1126 3303 1221 3368 iacto.

340 3411 418 3472 ltem
443 3430 536 3472 causa
562 3410 714 3492 Stephani
740 3425 771 3470 et
800 3409 957 3472 Anthonii
982 3411 1094 3494 Renyz
1123 3430 1219 3494 super
1242 3410 1383 3492 quadam
1407 3410 1501 3473 vinea

235 3529 282 3578 est
305 3515 346 3577 ad
370 3528 443 3578 octo
468 3514 536 3577 dies
559 3527 730 3598 prorogata
761 3515 802 3577 ad
826 3515 1007 3578 exhibenda
1039 3517 1249 3579 instrumenta
1274 3536 1331 3598 per
1356 3514 1498 3581 eosdem.

341 3621 418 3683 Item
444 3622 468 3682 si
494 3621 643 3704 Mychael
668 3621 807 3704 Ortophi
832 3641 905 3684 cum
930 3623 1161 3686 mercatoribus
1184 3623 1389 3686 Budensibus
1413 3642 1500 3686 com-

235 3728 385 3809 probabit
408 3728 441 3789 in
466 3746 516 3806 eo,
546 3727 634 3809 quod
667 3728 825 3790 Renarius
849 3727 889 3789 lll
919 3749 1035 3811 pensas
1059 3730 1135 3812 ipsis
1165 3730 1322 3791 concessit
1352 3748 1410 3811 pro
1434 3748 1500 3791 uno

235 3831 370 3912 floreno,
393 3846 469 3894 tunc
493 3833 651 3910 justiciam
668 3831 822 3895 faciemus
843 3833 925 3895 inter
942 3835 1028 3916 ipsos
1052 3834 1092 3897 de
1115 3835 1282 3917 vituperiis
1298 3835 1500 3898 eorumdem.

419 4050 515 4124 Ferla
543 4062 642 4125 sexta
678 4056 832 4142 proxima
860 4062 938 4125 ante
965 4054 1164 4126 dominicam
1186 4052 1318 4143 Judica.

774 4204 819 4285 (2.
843 4208 971 4282 aprilis).

338 4345 447 4408 Primo
465 4345 642 4427 Gregorius
659 4360 768 4408 contra
785 4346 957 4408 Nicolaum
974 4347 1080 4428 primo
1096 4346 1209 4408 citatus
1225 4364 1289 4407 non
1308 4346 1498 4427 comparuit.

339 4451 417 4514 ltem
442 4472 536 4514 causa
564 4452 743 4515 Clementis
775 4466 806 4516 et
837 4453 970 4516 domine
993 4452 1091 4515 luane
1115 4466 1162 4515 est
1192 4472 1249 4535 per
1273 4452 1441 4513 Marenum
1468 4464 1499 4514 et

233 4555 428 4638 Gregorium
453 4558 569 4639 Angeli
595 4558 636 4619 ad
660 4573 735 4622 octo
760 4558 829 4621 dies
850 4573 976 4641 recepta
1001 4560 1041 4622 ad
1066 4578 1189 4641 pacem.

337 4679 414 4742 ltem
441 4701 534 4742 causa
564 4681 719 4744 lobannis
751 4683 866 4745 Lieber
898 4696 929 4745 et
952 4683 1100 4745 Mauricii
1125 4697 1172 4746 est
1202 4701 1259 4764 per
1283 4683 1498 4746 Laurencium

237 4784 398 4848 Gallicum
423 4787 462 4848 ad
487 4801 560 4849 octo
585 4787 654 4849 dies
676 4802 801 4870 recepta
826 4788 865 4850 ad
890 4809 1012 4872 pacem.
1374 4877 1392 4907 s
