3472 5234
239 346 298 404 124
623 332 710 388 Anno
732 328 824 407 1378.
849 365 890 375 -
909 346 965 408 30.
991 334 1105 406 aprilis.

234 580 332 655 Faria
362 592 462 656 sexta
489 587 643 673 proxima
670 591 749 656 ante
776 585 899 657 festum
927 589 1101 658 beatorum
1129 584 1272 673 Philippi
1301 592 1335 656 et
1361 584 1480 674 Jacobi

746 710 986 798 apostolorum.

760 880 825 955 (³0·
842 874 968 952 aprilis).

341 1033 450 1094 Primo
475 1035 631 1096 Martinus
656 1033 826 1114 Zequirich
849 1048 959 1095 contra
984 1034 1186 1097 Anthonium
1212 1047 1243 1096 et
1268 1033 1433 1097 Geninum
1450 1035 1498 1116 ju·

234 1152 338 1199 ratum
362 1139 468 1221 primo
492 1140 604 1202 citatus
627 1157 693 1200 non
717 1140 906 1221 comparuit.

341 1263 419 1324 Item
453 1262 633 1344 Stephanus
663 1263 818 1324 sallivena
853 1283 909 1345 per
939 1263 1050 1324 Puchk
1082 1277 1113 1325 et
1136 1263 1267 1325 Petrum
1298 1278 1413 1325 octavo
1446 1264 1499 1325 die

233 1369 395 1446 atestabit,
421 1369 510 1449 quod
527 1368 595 1450 ipse
619 1369 751 1430 Vrbano
768 1369 967 1431 mercenario
991 1369 1116 1430 domini
1134 1369 1220 1432 Luce
1237 1368 1367 1430 Bonioli
1384 1382 1499 1450 quarto

234 1474 285 1534 die
309 1487 382 1555 post
406 1472 522 1535 festum
547 1474 631 1536 beati
653 1474 778 1536 Nicolai
796 1473 986 1536 confessoris
1003 1494 1101 1536 unam
1125 1494 1267 1536 marcam
1291 1474 1498 1537 denariorum

233 1580 449 1661 persolvisset.

342 1704 418 1765 Item
445 1703 627 1786 Stephanus
643 1702 803 1786 joculator
819 1718 928 1766 contra
946 1704 1077 1765 luanam
1094 1704 1264 1767 mulierem
1280 1704 1498 1788 respondebit.

340 1809 419 1871 Item
444 1809 613 1891 Philippus
637 1823 748 1871 contra
772 1810 841 1871 Kus
864 1810 1005 1871 secundo
1030 1810 1143 1871 citatus
1174 1829 1240 1871 non
1264 1812 1454 1894 comparuit.

341 1915 418 1976 Item
444 1915 589 1976 Jaklinus
605 1930 714 1977 contra
733 1915 909 1997 Georgium
928 1914 1053 1977 fabrum
1070 1929 1184 1978 octavo
1208 1917 1260 1977 die
1279 1917 1499 1999 respondebit.

341 2021 419 2082 Item
434 2020 616 2102 Stephanus
629 2021 789 2084 Crizozlai
804 2036 913 2083 contra
926 2020 1069 2083 Blasium
1087 2035 1201 2082 octavo
1214 2021 1266 2083 die
1281 2022 1499 2104 respondebit.

341 2127 420 2188 ltem
445 2128 521 2188 luan
554 2141 663 2189 contra
696 2126 898 2210 Mychaelem
930 2127 1090 2210 Damyani
1120 2127 1263 2189 secundo
1295 2128 1408 2190 citatus
1432 2147 1498 2189 non

233 2232 424 2314 comparuit.

340 2338 418 2399 ltem
444 2337 605 2420 Georgius
628 2339 847 2421 carpentarius
870 2352 979 2401 contra
1005 2339 1205 2401 Anthonium
1229 2357 1421 2400 assessorem
1445 2357 1498 2400 oc·

232 2457 309 2505 tavo
333 2445 386 2506 die
410 2445 626 2527 respondebit.

340 2550 417 2610 ltem
443 2550 605 2611 lohannes
630 2550 801 2632 Hlebopek
825 2563 935 2611 contra
967 2550 1101 2611 luanum
1133 2550 1369 2632 carpentarium
1393 2549 1499 2631 primo

234 2654 348 2716 citatus
372 2674 438 2717 non
463 2655 652 2738 comparuit.

339 2761 418 2822 Item
443 2761 610 2822 Emericus
634 2759 724 2822 faber
749 2761 907 2843 Dyonisio
924 2758 1015 2822 fabro
1037 2761 1069 2821 in
1094 2761 1267 2842 quindenis
1282 2761 1372 2822 XXV
1390 2781 1500 2824 currus

233 2864 300 2927 frmi
323 2868 398 2929 dare
422 2866 518 2929 debet
542 2866 686 2929 indilate.

341 2989 417 3051 ltem
433 2990 612 3072 Stephanus
626 3004 656 3050 et
672 2988 832 3070 Georgius
848 3003 957 3052 contra
976 2989 1128 3072 Gyurgelt
1145 2990 1375 3072 calcariparum
1393 2991 1499 3072 primo

234 3095 320 3156 citati
345 3115 410 3156 non
436 3109 694 3176 comparuerunt.

340 3201 418 3262 ltem
442 3222 536 3262 causa
553 3200 667 3281 judicis
691 3214 722 3261 et
738 3202 914 3282 juratorum
932 3215 1042 3263 contra
1061 3201 1238 3282 Georgium
1264 3202 1500 3283 carpentarium

235 3319 281 3366 est
305 3325 360 3388 per
384 3320 479 3367 testes
503 3307 542 3367 ad
568 3305 680 3367 feriam
704 3308 835 3368 terciam
862 3327 946 3368 nunc
975 3322 1143 3368 venturam
1167 3321 1293 3389 recepta
1318 3307 1357 3368 ad
1376 3327 1498 3389 pacem.

340 3429 419 3490 Item
443 3427 602 3509 Georgius
626 3429 777 3491 Zirothke
802 3444 911 3492 contra
944 3430 1130 3513 Philippum
1155 3431 1259 3513 primo
1283 3431 1396 3491 citatus
1432 3449 1498 3492 non

235 3535 426 3615 comparuit.

341 3657 447 3719 Posita
473 3674 519 3720 est
543 3679 625 3740 pena
650 3660 732 3721 inter
753 3660 923 3721 Nicolaum
942 3661 1062 3722 dictum
1087 3659 1300 3723 Zrebernicha
1325 3674 1355 3722 et
1380 3661 1496 3742 Symo-

235 3782 309 3823 nem
332 3778 487 3824 sartorem
511 3765 601 3824 XXV
635 3785 750 3844 marce,
775 3767 800 3826 si
824 3785 897 3847 pars
929 3780 1052 3848 partem
1077 3767 1186 3844 verbo,
1217 3764 1301 3826 facto
1326 3766 1377 3826 vel
1401 3786 1499 3849 opere

234 3867 375 3929 offendet
401 3888 571 3950 quousque
596 3870 719 3952 justicia
743 3870 798 3933 fret
821 3872 860 3932 de
889 3872 1075 3933 verberibus
1107 3872 1214 3933 uxoris
1236 3872 1337 3953 ipsius
1361 3873 1499 3936 Nicolai.

340 3992 418 4053 ltem
443 3992 617 4075 Dyonisius
649 4007 737 4056 sutor
768 4009 877 4057 contra
909 3995 1083 4056 Bedicham
1115 3995 1257 4057 secundo
1290 3996 1403 4058 citatus
1432 4016 1497 4058 non

234 4098 425 4178 comparuit.

340 4202 417 4264 ltem
449 4203 600 4266 dominus
633 4206 778 4266 Donatus
808 4219 922 4267 octavo
947 4206 999 4266 die
1033 4220 1141 4268 contra
1169 4206 1364 4287 Gregorium
1389 4207 1498 4269 literas

235 4307 449 4387 expeditorias
472 4311 497 4370 si
522 4330 602 4391 quas
625 4310 772 4372 habuerit
795 4311 963 4393 producet.

339 4413 417 4475 ltem
443 4435 535 4476 causa
561 4416 725 4495 Johannis,
744 4416 876 4498 Georgii
894 4430 924 4478 et
942 4417 1156 4500 Uulkouyche
1177 4432 1224 4479 est
1246 4437 1303 4500 per
1319 4418 1500 4482 iohannem

234 4516 350 4578 lieber
374 4521 414 4580 ad
439 4535 511 4582 octo
537 4521 604 4582 dies
629 4536 754 4602 recepta
779 4523 819 4583 ad
844 4542 968 4605 pacem.

341 4641 417 4703 ltem
444 4643 530 4704 Luca
555 4643 685 4706 Bonioli
703 4661 816 4707 octavo
833 4646 885 4707 die
910 4660 1021 4709 contra
1044 4646 1192 4708 libellum
1210 4645 1344 4728 Georgii
1369 4648 1499 4709 sartoris

234 4745 372 4807 condam
397 4748 563 4808 assessoris
586 4751 804 4832 respondebit.
