3472 5234
258 377 315 438 132
660 357 748 414 Anno
768 352 860 432 1378.
883 389 928 399 —
951 352 1004 416 28.
1028 353 1111 415 mait'.

253 567 352 628 licum
377 580 408 627 et
429 566 620 627 Ladizlaum
641 564 744 627 filium
763 566 878 643 Borke,
902 566 991 646 quod
1009 566 1114 647 ipsum
1138 567 1196 627 sub
1213 585 1297 647 pena
1320 566 1423 648 posita
1440 564 1522 626 vitu·

252 687 402 755 perasset.

360 779 439 842 Item
461 779 617 861 Gyurgelt
633 778 809 860 calcaripsr
833 777 965 840 domine
982 778 1103 839 Dicaue
1128 778 1160 838 in
1177 776 1351 859 quindenis
1374 775 1521 857 quinque

254 884 325 947 flor.
348 885 417 946 auri
435 884 612 966 persolvet;
637 883 739 944 XXVI
765 883 835 946 flor.
859 883 927 944 auri
954 883 1050 964 plene
1074 883 1228 964 persolvit
1252 881 1368 944 eidem.

358 991 437 1052 Item
454 989 589 1071 Egidius
605 1002 714 1051 contra
732 988 861 1050 Enderlr
886 988 924 1049 de
942 986 1183 1050 Chernomerch
1200 988 1305 1070 prImo
1322 987 1437 1048 citatus
1454 1005 1521 1047 uon

253 1097 444 1178 comparuit.

359 1202 437 1263 Item
463 1202 527 1262 Res
544 1200 683 1262 RenarIo
700 1200 733 1261 in
750 1199 923 1281 quindenis
946 1200 975 1260 X
998 1202 1098 1262 nezek
1115 1199 1201 1261 croci
1218 1212 1250 1260 et
1273 1217 1371 1260 unam
1388 1217 1522 1282 pensam

254 1309 461 1370 denariorum
486 1307 639 1368 exsolvet.

359 1414 437 1475 Item
463 1414 527 1474 Res
550 1426 664 1474 octavo
690 1412 741 1473 die
771 1424 881 1473 contra
906 1411 1087 1472 Iohannem
1111 1410 1239 1492 jurabit.

359 1519 436 1581 Item
462 1519 625 1580 lohannes
648 1531 758 1579 contra
776 1516 956 1578 iohannem
973 1517 1079 1598 prImo
1103 1517 1216 1578 citatus
1239 1536 1304 1578 non
1329 1515 1520 1596 comparuit.

359 1623 461 1686 Nota!
495 1624 584 1706 quod
615 1643 696 1685 uxor
727 1621 840 1685 Friche
872 1623 1018 1683 atestavit
1049 1622 1138 1702 quod
1169 1622 1303 1703 quidam
1326 1640 1406 1702 puer
1431 1620 1522 1701 longi

255 1730 339 1793 Petri
357 1750 455 1791 unam
473 1730 679 1791 denariorum
703 1727 794 1810 panis
817 1746 874 1809 per
897 1746 999 1788 unum
1017 1727 1139 1789 Bardus
1155 1727 1361 1805 vendidisset,
1385 1726 1474 1807 quod
1491 1739 1522 1786 et

253 1834 414 1918 Georgius
431 1848 463 1897 et
486 1834 622 1897 Cosmss
644 1834 737 1916 jurati
762 1831 824 1894 fide
848 1832 975 1894 oculata
998 1833 1043 1894 sic
1066 1830 1134 1894 fieri
1158 1833 1320 1896 vidissent.

358 1941 436 2003 Item
462 1940 623 2001 Iohannes
647 1953 758 2000 contra
787 1937 964 2019 Georgium
989 1959 1022 2000 se
1046 1938 1162 2000 tercius
1185 1937 1303 2020 jurabit
1327 1951 1442 1999 octavo
1468 1936 1520 1999 die

253 2066 348 2129 super
371 2046 456 2107 XIIII
481 2046 589 2127 pensis
613 2045 830 2106 denariorum.

359 2152 438 2213 Item
464 2151 646 2234 Stephanus
678 2150 777 2211 Pazar
808 2163 919 2212 contra
949 2149 1027 2210 Iuan
1058 2169 1091 2210 se
1123 2163 1229 2211 sextus
1261 2149 1379 2230 jurabit
1412 2149 1445 2209 in
1470 2168 1521 2228 eo,

253 2258 342 2339 quod
366 2257 434 2340 ipse
458 2259 498 2319 ab
522 2257 593 2338 ipso
617 2256 741 2317 nullam
764 2256 935 2337 pecuniam
959 2275 1025 2316 non
1049 2255 1229 2336 recepisset.

361 2362 440 2425 Item
469 2362 602 2443 quidam
634 2376 775 2444 pastores
808 2361 952 2442 quinque
984 2374 1093 2422 contra
1122 2360 1288 2422 Vrbanum
1319 2375 1434 2421 octavo
1468 2360 1521 2422 die

256 2469 395 2550 quilibet
419 2469 563 2551 ipsorum
587 2483 654 2530 met
669 2468 786 2529 tercius
810 2465 961 2546 jurabunt
992 2467 1025 2527 in
1050 2486 1100 2545 eo,
1124 2466 1212 2547 quod
1237 2466 1296 2548 ipsi
1320 2485 1392 2527 suas
1415 2463 1524 2546 fruges

254 2595 319 2637 non
344 2575 561 2657 depascissent
585 2594 643 2637 nec
667 2574 784 2636 scitent
807 2573 862 2654 qui
888 2573 1062 2654 depascuit.

360 2681 439 2743 Item
465 2681 612 2764 Mychael
637 2694 746 2742 contra
770 2680 935 2740 Andream
958 2692 1073 2740 octavo
1095 2677 1148 2739 die
1172 2692 1238 2739 met
1261 2679 1377 2739 tercius
1401 2677 1521 2758 jurabit

253 2787 286 2848 in
311 2807 361 2867 eo,
385 2788 474 2868 quod
498 2789 566 2870 ipse
590 2806 689 2848 unam
713 2785 844 2868 joppem
869 2798 900 2846 et
924 2784 989 2846 duo
1005 2784 1090 2866 palis
1114 2803 1179 2845 non
1204 2782 1366 2846 furaverit.

359 2893 437 2955 Item
452 2892 594 2955 Cusman
608 2906 639 2954 et
652 2892 777 2972 Dragos
790 2905 900 2953 contra
914 2889 1066 2971 Matheyk
1077 2902 1190 2951 octavo
1204 2889 1256 2950 die
1270 2888 1521 2971 respondebunt.
1613 2905 1619 2918 ·

359 3000 437 3061 Item
464 3000 660 3060 Laurentius
676 3013 786 3060 contra
811 2996 1009 3079 Stephanum
1026 2995 1165 3075 juratum
1189 2996 1293 3078 primo
1318 2995 1432 3058 citatus
1455 3016 1520 3058 non

255 3106 445 3186 comparuit.

360 3211 439 3272 Item
463 3211 537 3290 quia
564 3209 728 3271 Lachltoni
749 3210 808 3270 sub
826 3224 927 3269 castro
946 3208 1051 3269 Kerka
1076 3206 1131 3268 VII
1155 3207 1225 3268 flor.
1249 3220 1280 3268 et
1304 3207 1518 3289 quadragInta

254 3317 405 3377 denarios
430 3328 618 3395 receperunt
634 3334 692 3396 pro
709 3314 819 3375 debito
837 3314 937 3392 Hans,
963 3313 1123 3391 volumus,
1141 3313 1229 3393 quod
1247 3313 1520 3394 quandocumque

256 3422 294 3482 de
328 3422 446 3482 tenutis
470 3421 533 3482 illis
564 3420 712 3481 homines
742 3421 905 3498 venerint,
937 3440 969 3480 se
994 3418 1034 3480 de
1059 3419 1135 3501 ipsis
1166 3418 1352 3480 hominibus
1384 3419 1521 3481 liberam

255 3527 387 3589 habebit
411 3525 615 3608 persolvendi
640 3524 834 3588 facultatem.

352 3741 448 3813 Ferirs
476 3749 576 3812 sexta
604 3745 760 3830 proxima
787 3751 863 3832 post
891 3744 1014 3815 festum
1043 3741 1256 3813 Asceusionis
1286 3743 1421 3813 domiui.

793 3893 859 3971 (28.
884 3897 981 3972 ntait).

361 4034 470 4095 Primo
482 4033 637 4114 Orgouan
651 4048 762 4096 contra
775 4035 946 4097 Nicolaum
957 4034 1096 4114 juratum
1107 4048 1221 4095 octavo
1235 4034 1287 4094 die
1301 4035 1520 4116 respondebit.

362 4140 439 4200 Item
453 4139 646 4201 Benedictus
670 4141 810 4202 carnifex
834 4155 943 4202 contra
969 4140 1168 4222 Stephanum
1193 4140 1297 4220 primo
1322 4140 1436 4201 citatus
1453 4159 1519 4202 non

256 4246 444 4326 comparuit.

361 4350 438 4411 Item
456 4364 570 4412 octavo
587 4351 639 4412 die
654 4353 771 4413 Paulus
784 4352 929 4413 locothar
945 4371 1001 4433 per
1014 4349 1161 4432 Crumpf,
1179 4352 1243 4413 Res
1257 4367 1287 4414 et
1299 4353 1419 4413 Lucam
1434 4352 1520 4414 selli-

255 4474 368 4535 parum
383 4469 492 4519 contra
507 4457 653 4518 Markum
673 4458 825 4518 clericum
838 4457 987 4519 atestabit
999 4456 1158 4538 quidquid
1176 4457 1305 4518 vidisset
1321 4459 1404 4519 inter
1422 4459 1520 4540 ipsos.

363 4561 440 4621 Item
467 4562 567 4622 Eleus
592 4562 701 4623 relicta
726 4563 856 4624 Markus
887 4562 1010 4643 Pecych
1035 4575 1148 4624 octavo
1181 4562 1232 4623 die
1257 4583 1313 4646 per
1337 4563 1519 4626 Barnabam

257 4665 467 4742 sacerdotem,
492 4667 568 4727 luan
587 4667 768 4749 Hlebopek,
793 4667 977 4729 Chernltam
1001 4681 1032 4728 et
1050 4667 1266 4730 Sorsinichsm
1291 4670 1439 4731 atestabit
1455 4689 1519 4751 que

258 4770 341 4830 bona
365 4770 528 4852 predictus
552 4772 681 4834 Markus
705 4775 837 4834 maritus
861 4792 937 4835 suus
961 4773 1021 4835 sibi
1046 4772 1217 4835 dimisisset
1241 4788 1271 4836 et
1294 4776 1440 4856 legasset.
