3472 5234
265 293 322 336 102
636 275 722 332 Anno
746 284 833 350 1377.
859 306 900 316 -
924 287 952 332 J.
976 273 1146 347 septembris.

365 485 442 547 ltem
460 506 554 547 causa
579 485 728 566 Gregorii
761 498 792 546 et
815 485 901 546 lwan
926 497 972 545 est
995 503 1051 566 per
1083 482 1242 546 lanchech
1268 482 1466 545 aurifabrum
1492 498 1524 547 et

258 591 461 653 Anthonium
486 592 589 653 Reniz
614 592 653 653 ad
676 605 750 653 octo
775 591 843 653 dies
867 604 991 673 recepta
1016 590 1055 651 ad
1081 570 1204 672 pacem.

365 699 444 760 ltem
467 699 624 760 Martinus
649 696 818 779 Zequirich
852 711 961 759 contra
984 697 1128 758 lwanum
1158 697 1391 778 carpentarium
1417 697 1523 779 primo

258 807 371 868 citatus
395 825 461 867 non
486 806 677 888 comparuit.

363 912 441 974 ltem
479 912 602 973 Mariua
635 911 750 972 mulier
785 923 894 972 contra
927 909 1107 971 Johannem
1139 908 1258 970 vozdar
1290 909 1395 992 primo
1431 910 1524 972 citata

259 1039 324 1081 non
349 1019 538 1101 comparuit.

366 1125 443 1186 ltem
468 1125 621 1187 Clemens
648 1137 737 1185 sutor
768 1136 878 1185 contra
903 1122 1096 1206 Dyonisium
1128 1119 1255 1182 fabrum
1280 1121 1385 1203 primo
1410 1122 1523 1185 citatus

260 1251 326 1293 non
350 1231 540 1313 comparuit.

365 1338 442 1399 ltem
466 1357 559 1398 causa
577 1336 732 1398 lobannis
756 1350 786 1398 et
810 1336 896 1397 lvvan
915 1335 991 1397 dicti
1016 1335 1154 1397 Plauech
1179 1355 1215 1396 ac
1240 1334 1372 1415 Georgii
1398 1349 1444 1396 est
1467 1355 1524 1417 per

259 1444 453 1527 Dyonisium
478 1456 509 1504 et
533 1443 706 1504 Martinum
731 1442 771 1504 ad
794 1456 868 1504 octo
891 1442 959 1503 dies
983 1456 1108 1523 recepta
1133 1441 1173 1503 ad
1198 1462 1321 1523 pacem.

364 1550 443 1611 ltem
467 1549 607 1612 Bedicha
632 1546 772 1611 carnifex
797 1563 907 1610 contra
932 1547 1110 1629 Georgium
1135 1561 1289 1610 sartorem
1314 1548 1456 1609 secundo
1482 1547 1525 1609 ci-

261 1669 345 1719 tatus
380 1677 445 1718 non
470 1656 659 1738 comparuit.

366 1763 444 1825 ltem
480 1783 573 1824 causa
605 1761 781 1845 Mychaelis
812 1761 970 1844 Damyani
1003 1775 1033 1822 et
1063 1760 1187 1822 domini
1218 1760 1356 1843 Philippi
1388 1774 1435 1822 est
1466 1781 1523 1843 per

259 1871 428 1931 Marenum
452 1869 493 1930 ad
518 1881 591 1931 octo
615 1869 683 1930 dies
706 1882 831 1950 recepta
856 1869 896 1929 ad
920 1888 1041 1950 pacem.

365 1975 444 2037 ltem
470 1975 631 2036 Johannes
654 1975 739 2036 filius
760 1974 914 2035 Hermani
940 1987 1049 2036 contra
1074 1974 1252 2056 Georgium
1268 1994 1424 2056 generum
1443 1974 1523 2037 Ger-

259 2081 335 2143 dine
359 2082 465 2164 primo
497 2081 610 2143 citatus
632 2101 698 2143 non
723 2081 912 2163 comparuit.

367 2188 446 2248 Item
471 2186 647 2268 Gregorius
670 2200 779 2248 contra
798 2186 1022 2248 Sebastianum
1046 2185 1178 2267 vigilem
1202 2186 1307 2267 primo
1326 2187 1440 2248 citatus
1458 2206 1524 2248 nou

260 2293 450 2376 comparuit.

366 2400 444 2461 ltem
473 2397 625 2460 Miclinus
656 2412 765 2460 contra
801 2397 991 2480 Mosnarych
1031 2410 1145 2459 octavo
1178 2397 1230 2458 die
1261 2418 1318 2480 per
1353 2397 1523 2460 Chernech

260 2524 394 2589 parvum
428 2520 459 2567 et
492 2524 623 2566 uxorem
658 2503 807 2585 Gregorii
843 2505 989 2565 atestabit
1020 2523 1115 2586 super
1146 2523 1196 2582 eo,
1221 2505 1309 2585 quod
1342 2505 1409 2586 ipse
1433 2525 1524 2567 suam

260 2633 391 2675 uxorem
417 2612 521 2673 verbis
546 2612 692 2693 turpibus
715 2609 887 2686 affecisset;
912 2623 943 2672 et
966 2610 1033 2692 jura
1066 2610 1203 2671 literalia
1228 2610 1376 2673 exhibere
1402 2609 1521 2672 debent

260 2738 355 2802 super
378 2718 471 2779 vinea
499 2717 699 2779 eorumdem.

366 2824 444 2887 ltem
470 2824 546 2885 luan
571 2837 601 2884 et
625 2823 777 2885 Nicolaus
801 2822 990 2905 carpentarii
1015 2835 1124 2883 contra
1149 2822 1318 2885 Marenum
1341 2824 1446 2905 primo
1481 2823 1524 2885 ci-

259 2932 315 2994 tati
347 2950 413 2992 non
438 2944 697 3012 comparuerunt.

366 3038 444 3099 ltem
468 3036 584 3119 Vydko
613 3049 721 3097 contra
754 3035 896 3116 Hergam
928 3048 1043 3096 octavo
1068 3035 1120 3097 die
1151 3056 1207 3118 per
1232 3035 1413 3099 Johannem
1438 3037 1522 3100 Che-

260 3143 350 3206 metii
375 3156 405 3204 et
438 3143 567 3204 Petrum
592 3142 713 3202 Prunar
737 3140 884 3202 atestabit
915 3160 1010 3222 super
1046 3161 1096 3220 eo,
1128 3142 1216 3224 quod
1248 3143 1353 3224 ipsum
1378 3157 1408 3205 et
1432 3164 1523 3206 suam

261 3268 395 3311 uxorem
419 3249 553 3330 turpiter
578 3247 801 3308 verberaverit.

367 3353 445 3416 ltem
470 3353 616 3415 Nedelko
642 3367 750 3413 contra
775 3351 917 3412 lvvanum
946 3366 1059 3413 octavo
1085 3352 1136 3414 die
1160 3374 1193 3415 se
1217 3368 1323 3416 sextus
1346 3355 1464 3438 jurabit
1489 3357 1522 3418 in

263 3479 313 3538 eo,
337 3459 425 3541 quod
450 3459 508 3520 sibi
534 3458 622 3519 nulla
648 3457 786 3539 dampna
811 3476 869 3518 nec
894 3456 1014 3520 furtum
1038 3474 1258 3541 perpetrasset.

365 3564 442 3626 ltem
467 3565 537 3626 Elia
562 3577 671 3625 contra
696 3564 770 3624 lvloz
794 3563 893 3625 tercio
917 3564 1030 3626 citatus
1054 3585 1118 3627 non
1151 3569 1340 3650 comparuit.

366 3670 443 3731 ltem
469 3669 630 3731 Johannes
654 3669 686 3730 in
711 3669 883 3751 quindenis
913 3670 1080 3732 Salomoni
1113 3672 1192 3734 duas
1222 3693 1344 3736 marcas
1368 3688 1399 3736 et
1422 3675 1521 3757 judici

260 3796 358 3838 unam
383 3776 535 3840 exsolvet.

365 3882 443 3943 Item
468 3882 554 3943 idem
580 3882 734 3944 Salomon
766 3882 870 3944 eidem
896 3883 1033 3945 Johanni
1069 3904 1166 3945 unam
1193 3905 1332 3947 marcam
1364 3901 1395 3949 et
1424 3887 1522 3969 judici

260 3987 400 4049 mediam
425 3989 588 4050 exsolvere
613 3989 718 4051 debet.

288 4203 385 4280 Feria
413 4209 519 4279 tercia
545 4212 702 4297 proxima
739 4219 816 4282 ante
844 4211 967 4282 festum
993 4213 1083 4284 beati
1112 4213 1254 4286 Emerici
1283 4217 1376 4288 ducis
1406 4221 1497 4307 regui

802 4333 982 4423 Hungarie.

768 4483 812 4567 (1.
836 4488 1030 4571 septembris).

366 4624 473 4688 Primo
492 4626 573 4710 Elya
597 4626 734 4689 condam
752 4649 847 4710 preco
872 4642 980 4692 contra
998 4631 1185 4712 magistrum
1209 4631 1380 4695 Nicolaum
1398 4633 1520 4697 fisicum

259 4727 364 4810 primo
388 4731 502 4792 citatus
526 4751 591 4794 non
616 4734 804 4815 comparuit.
