3472 5234
244 321 308 382 3¹4
366 312 369 317 '
609 305 695 364 Anno
718 302 814 384 1389.
838 341 879 351 -
904 319 950 385 17.
974 309 1134 371 decembris.

321 519 418 595 Faria
448 526 553 596 tercIa
582 527 735 612 proxima
764 537 839 614 post
877 528 999 599 festam
1028 529 1123 600 beate
1153 531 1249 602 lucie
1277 534 1430 619 virginis.

747 680 810 756 (14.
834 679 1006 757 decembn's).

350 814 429 877 Item
453 814 614 897 Georgius
637 815 720 878 filius
748 818 877 901 Dragoy
910 819 1014 901 primo
1045 821 1260 901 proclamatus
1291 843 1387 905 super
1421 822 1505 885 lacto

243 921 505 1004 interemptionis
528 924 629 1001 Iutae,
654 923 693 985 ad
717 923 875 1004 justiciam
901 944 965 987 non
991 927 1088 989 venit.

349 1029 427 1090 Item
453 1029 605 1091 Nicolaus
620 1049 720 1110 gener
745 1030 891 1114 Mathyas
906 1032 1096 1094 secundario
1113 1034 1226 1095 citatus
1249 1048 1358 1097 contra
1384 1035 1507 1097 Antho-

244 1134 334 1195 nium
358 1153 423 1195 non
448 1137 637 1218 comparuit.

351 1241 430 1302 Item
462 1240 621 1324 Georgius
654 1241 826 1305 Blanchich
858 1258 967 1305 contra
1000 1245 1138 1306 eundem
1170 1247 1360 1309 secundario
1392 1247 1506 1309 citatus

244 1366 309 1408 non
333 1349 522 1430 comparuit.

314 1546 411 1620 FerIa
441 1557 539 1621 serta
568 1553 721 1639 proxima
750 1559 827 1623 ante
855 1552 979 1624 festum
1006 1553 1095 1625 beati
1125 1552 1249 1625 Thome
1278 1555 1433 1643 apostoli.

732 1708 794 1780 (17.
818 1701 997 1781 decembris).

347 1845 427 1907 Item
445 1845 618 1928 Matheylto
635 1858 744 1907 contra
762 1845 875 1907 Paulas
892 1847 1081 1908 secundario
1099 1848 1212 1910 citatus
1230 1866 1293 1908 non
1312 1846 1503 1928 comparuit.

348 1951 426 2012 Item
444 1952 554 2013 Petrus
571 1951 676 2012 Prhod
701 1965 810 2013 contra
827 1951 956 2013 Petrum
979 1953 1084 2034 primo
1101 1953 1215 2014 citatus
1232 1973 1297 2014 non
1314 1952 1504 2034 comparuit.

350 2059 427 2120 Item
452 2057 567 2118 Paulas
591 2071 700 2119 contra
724 2057 904 2119 Iohannem
929 2059 1056 2140 nigrum
1089 2059 1120 2119 in
1147 2060 1251 2140 prImo
1275 2058 1396 2140 judicio
1422 2059 1506 2120 Lau-

242 2164 401 2243 rencium,
426 2163 603 2244 Georgium
628 2177 792 2245 tamquam
817 2176 912 2226 testes
943 2165 1119 2246 producere
1144 2164 1248 2227 debet.

351 2271 429 2332 Item
455 2270 540 2331 idem
565 2269 727 2332 Iohannes
759 2269 849 2351 niger
880 2284 991 2332 contra
1022 2270 1162 2332 eundem
1190 2271 1222 2331 in
1254 2270 1358 2352 prImo
1383 2269 1505 2351 judicio

242 2377 416 2439 Nicolaum
450 2376 489 2437 de
522 2374 665 2459 Chycha‚
698 2373 897 2436 Barthollum
930 2390 959 2437 et
992 2375 1172 2437 Iohannem
1205 2375 1349 2437 villicum
1381 2376 1503 2438 condu-

245 2503 316 2544 cere
340 2483 445 2546 debet.

352 2590 429 2651 Item
456 2588 581 2651 Blasich
605 2603 715 2650 contra
740 2587 889 2668 Magdich
915 2588 945 2648 in
971 2588 1076 2670 prImo
1099 2587 1219 2669 judIcio
1243 2586 1461 2669 respondebit.

350 2696 428 2757 Item
453 2715 546 2757 causa
579 2695 703 2756 Nicolai
737 2693 885 2755 Delasich
916 2707 1025 2755 contra
1050 2693 1230 2754 Iohannem
1262 2693 1418 2754 Hermoni
1451 2712 1509 2775 per

242 2815 338 2863 testes
362 2802 402 2863 ad
428 2821 538 2884 pacem
564 2815 611 2863 est
634 2814 771 2880 recepta.

350 2909 427 2969 Item
454 2907 614 2988 Georgius
646 2905 747 2968 Gocel
780 2918 889 2967 contra
922 2906 1090 2966 dominum
1117 2906 1272 2966 Iacobum
1305 2903 1506 2966 sacerdotem

210 3067 216 3075 .
243 3016 347 3096 primo
372 3015 485 3076 citatus
509 3033 574 3075 non
601 3013 789 3094 comparuit.

348 3122 425 3182 Item
451 3126 544 3181 Anna
570 3118 754 3201 Popouicha
773 3131 881 3179 contra
908 3115 1101 3197 GregorIum
1120 3116 1274 3199 voyschar
1291 3117 1396 3199 primo
1411 3116 1505 3177 citata

243 3246 308 3288 non
334 3228 524 3310 comparuit.

350 3334 428 3397 Item
453 3353 546 3395 causa
565 3332 690 3394 Lucasii
715 3330 832 3392 medici
849 3343 959 3391 contra
984 3329 1112 3391 Petrum
1130 3328 1311 3390 carnificem
1335 3328 1376 3389 ad
1393 3345 1506 3410 pacem

245 3454 292 3503 est
316 3457 385 3503 rece
410 3455 451 3503 ta.

351 3461 428 3610 ltelin
462 3548 614 3609 Nicolaus
646 3558 756 3606 contra
788 3543 988 3605 Anthonium
1020 3542 1158 3623 juratum
1184 3542 1216 3601 ln
1247 3541 1353 3622 primo
1385 3540 1507 3621 judicio

243 3656 437 3736 respondere
462 3655 567 3716 debet.

350 3763 426 3823 Item
452 3781 544 3823 causa
573 3759 714 3822 Simonis
738 3757 867 3819 sartoris
891 3769 1001 3816 contra
1024 3754 1079 3815 Sib
1104 3753 1144 3813 ad
1169 3773 1280 3834 pacem
1305 3766 1352 3814 est
1368 3767 1507 3835 recepta.

349 3869 426 3930 Item
445 3868 591 3952 Zytarich
610 3881 719 3928 contra
734 3865 888 3925 Iacobum
902 3861 1091 3923 secundario
1105 3860 1217 3920 citatus
1230 3879 1294 3920 non
1315 3861 1506 3942 comparuit.

350 3975 426 4036 Item
451 3976 559 4036 relicta
587 3972 732 4054 Mathyas
756 3985 865 4032 contra
890 3968 1082 4048 Agustinum
1111 3964 1302 4027 secundario
1328 3967 1422 4027 citata
1441 3985 1507 4026 non

243 4083 432 4162 comparuit.

350 4188 425 4249 Item
453 4187 613 4267 Georgius
641 4185 726 4245 fillus
752 4183 881 4263 Dragoy
909 4179 1099 4241 secundario
1128 4180 1159 4239 in
1193 4178 1262 4240 loro
1291 4179 1508 4260 proclamatus

243 4310 337 4371 super
362 4291 445 4354 lacto
471 4291 734 4373 interempcionis
758 4290 859 4365 lurae,
884 4286 922 4346 ad
948 4285 1105 4363 justiciam
1131 4304 1196 4346 non
1221 4286 1317 4345 venit.

349 4396 426 4457 Itcm
459 4412 577 4459 rectam
610 4411 640 4457 et
671 4395 818 4474 equalem
854 4392 1058 4452 medietatem
1091 4390 1257 4451 cuiusdam
1290 4390 1417 4469 domus,
1443 4410 1506 4471 que

244 4498 359 4561 domus
383 4502 442 4565 fuit
466 4503 602 4562 conciam
629 4501 768 4576 Martini,
794 4498 970 4576 Anthonio,
997 4498 1088 4557 Petro
1113 4510 1144 4557 et
1167 4497 1302 4557 Nicolao
1328 4494 1402 4557 filiis
1427 4497 1506 4559 dicti

246 4603 372 4664 Martini
398 4606 670 4680 adjudicavimus;
695 4605 790 4664 aliam
815 4616 921 4662 autem
941 4601 1143 4663 medietatem
1170 4601 1251 4661 dicte
1276 4601 1393 4662 domus
1410 4602 1506 4664 Petro

245 4705 283 4765 de
301 4707 472 4769 Granouch
497 4728 546 4783 eo,
571 4709 657 4788 quod
684 4709 750 4788 ipse
776 4708 886 4768 Petrus
910 4707 1048 4787 quedam
1077 4706 1183 4767 debita
1208 4707 1315 4768 uxoris
1339 4726 1395 4769 sue
1421 4708 1505 4771 Mar·

243 4811 372 4892 garetha
397 4825 506 4874 vocate
529 4812 742 4894 persolvisset.
