3472 5234
611 344 810 425 Anno1576.
834 382 878 393 -
901 361 950 423 19.
974 345 1137 409 decembris.

348 563 428 625 Item
452 560 596 622 Andreas
621 561 677 622 Sib
702 573 812 621 contra
837 560 993 621 Jacobum
1024 556 1198 639 pellificem
1221 548 1364 620 secundo
1394 559 1508 622 citatus

245 688 310 731 oon
344 668 533 751 comparuit.

352 774 429 836 Item
454 773 617 835 lohannes
640 772 797 833 litteratus
821 786 931 832 contra
955 771 1096 833 eundem
1119 771 1275 833 Jacobum
1299 771 1440 834 secundo
1465 771 1507 833 ci·

243 895 328 945 tatus
362 900 427 942 non
451 879 641 962 comparuit.

350 988 430 1049 ltem
454 986 616 1049 lohannes
646 984 732 1047 filius
763 985 847 1047 Petri
880 985 1021 1046 concivis
1045 998 1152 1046 noster
1175 984 1207 1045 in
1238 1003 1374 1066 persona
1398 983 1510 1046 uxoris

244 1113 300 1154 sue
326 1092 411 1176 Syda
435 1104 546 1153 vocate
570 1091 725 1169 atestavit,
747 1090 853 1173 primo
877 1109 932 1172 per
957 1090 1132 1172 Symonem
1160 1089 1358 1150 sacerdotem
1383 1087 1507 1152 conlea-

246 1218 351 1261 sorem
365 1196 508 1281 Fabyani
522 1196 579 1258 lilii
598 1196 695 1258 Marci
720 1196 797 1274 ceci,
817 1195 967 1257 comitem
985 1196 1064 1257 Wlk
1080 1194 1183 1257 filium
1201 1195 1347 1275 Mathias,
1364 1196 1508 1258 Blasium

244 1304 415 1382 literatum,
448 1302 647 1385 Stephanum
677 1301 780 1363 lilium
813 1300 999 1384 Mychaelis,
1024 1301 1184 1363 Briccium
1215 1301 1407 1363 familiarem
1438 1322 1509 1385 pre·

245 1409 320 1471 dicti
343 1408 469 1471 comitis
493 1409 571 1470 Wlk
587 1427 681 1490 super
705 1427 755 1486 eo,
778 1406 867 1488 quod
884 1406 1045 1489 predictus
1061 1408 1233 1490 Fabyanus
1256 1407 1289 1468 in
1314 1427 1373 1468 suo
1390 1407 1506 1471 ultimo

245 1529 321 1578 voto
346 1515 510 1596 quandam
541 1533 632 1575 suam
666 1526 782 1576 terram
815 1513 969 1574 arabilem
1001 1513 1034 1574 in
1065 1525 1174 1575 nostro
1207 1532 1321 1595 campo
1353 1513 1509 1592 habitam,

249 1640 334 1683 nunc
357 1621 443 1704 apud
469 1621 640 1681 Nicolaum
664 1618 788 1681 Odolas
812 1618 1051 1700 inpignoratam
1082 1638 1141 1701 pro
1167 1620 1194 1680 X
1222 1618 1337 1680 marcis
1361 1619 1509 1681 denario·

247 1747 329 1806 rum,
355 1726 490 1788 lundum
516 1740 547 1788 et
570 1727 697 1787 vineam
722 1724 863 1807 predicte
887 1725 988 1787 sorori
1012 1745 1068 1786 sue
1094 1724 1180 1807 Syda
1204 1739 1315 1786 vocate
1339 1724 1510 1786 dimisisset

246 1848 278 1896 et
302 1834 448 1915 legasset,
474 1834 560 1915 prius
583 1846 690 1894 tamen
715 1831 873 1914 corporali
904 1831 1051 1914 deposito
1075 1830 1257 1912 juramento
1279 1850 1336 1913 per
1360 1830 1510 1907 eosdem;

248 1940 365 2021 quibus
390 1958 449 2000 uos
472 1938 720 2000 atestacionibus
744 1937 911 2016 exauditis,
931 1937 1072 2020 predicta
1091 1938 1175 1999 bona
1199 1937 1258 2020 ipsi
1284 1937 1360 1999 Side
1384 1936 1509 2019 adjudi-

245 2047 388 2109 cavimus
412 2059 567 2129 perpetuo
592 2043 796 2127 possidenda.

352 2152 460 2213 Primo
486 2151 665 2214 Peterlinus
696 2163 806 2211 contra
837 2150 1014 2212 Renarium
1046 2150 1152 2232 primo
1179 2150 1292 2212 citatus
1323 2170 1389 2212 non
1419 2170 1510 2212 eom-

248 2258 364 2339 paruit.

351 2364 430 2426 ltem
455 2365 529 2446 quia
554 2363 704 2426 Chernka
727 2365 843 2427 mulier
867 2363 906 2425 ad
931 2362 996 2424 duo
1015 2376 1162 2445 precepta
1181 2362 1295 2443 judicis
1319 2383 1384 2425 non
1410 2364 1508 2443 venit,

246 2489 325 2551 ergo
351 2483 397 2531 eat
420 2470 565 2531 convicta
589 2470 620 2531 in
638 2490 691 2531 sex
715 2470 823 2552 pensis
840 2468 1064 2544 denariorum;
1080 2469 1121 2529 ad
1137 2468 1271 2530 tercium
1294 2482 1402 2530 autem
1419 2489 1509 2531 man·

245 2575 356 2637 datum
391 2577 466 2657 quia
498 2576 646 2638 similiter
675 2577 784 2639 venire
817 2575 1018 2657 contempsit,
1051 2594 1127 2656 ergo
1160 2587 1207 2637 est
1238 2562 1382 2637 convicta
1415 2575 1447 2637 in
1480 2576 1509 2637 X

245 2683 359 2743 marcis
382 2682 607 2758 denariorum;
639 2683 741 2765 ipsam
774 2696 883 2744 autem
914 2680 1097 2743 Chernkam
1130 2682 1344 2743 communitas
1377 2681 1510 2763 juridice
1568 2762 1570 2767 Ι

246 2786 286 2850 de
310 2801 415 2850 cetero
440 2789 530 2870 queri
555 2788 731 2851 debebunt.

315 3004 413 3080 Faria
440 3015 539 3080 sexta
566 2974 723 3098 proaima
751 3019 830 3083 ante
858 3011 981 3083 festum
1008 3010 1097 3081 beati
1127 3007 1252 3079 Thous
1280 3007 1438 3096 apostoli.

746 3166 810 3241 (19.
833 3161 1010 3231 decembris).

353 3301 461 3363 Primo
479 3302 642 3367 decretum
659 3305 762 3367 extitit
779 3325 834 3388 per
850 3305 990 3387 judicem
1008 3318 1038 3366 et
1054 3304 1307 3383 universitatem,
1331 3303 1510 3365 communi·

245 3421 354 3486 tatem,
379 3427 474 3490 super
498 3429 547 3488 eo,
561 3410 636 3491 quia
654 3411 791 3493 Mykech
808 3410 892 3473 filius
906 3410 1065 3473 Leonardi
1083 3410 1220 3473 condam
1245 3409 1387 3472 concivis
1403 3423 1510 3472 noster

246 3533 339 3575 suum
365 3513 588 3576 molendinum
614 3516 753 3578 Martino
779 3516 864 3578 dicto
887 3516 1007 3579 Katiuo
1028 3536 1086 3598 pro
1111 3515 1322 3599 quadraginta
1347 3514 1416 3577 flor.
1441 3515 1509 3576 auri

246 3619 508 3701 inpignoraverit,
532 3621 671 3682 eundem
705 3622 836 3684 tandem
860 3623 971 3684 Marko
1003 3620 1088 3684 filius
1112 3622 1256 3684 eiusdem
1289 3621 1426 3705 Mykech
1449 3641 1508 3704 pro

246 3725 396 3806 predictis
414 3725 625 3809 quadraginta
643 3727 712 3792 flor.
737 3729 804 3790 auri
819 3728 1004 3791 redemisset
1028 3748 1101 3790 cum
1125 3729 1277 3790 omnibus
1300 3728 1365 3789 suis
1388 3728 1511 3811 juribus

246 3844 276 3893 et
307 3831 511 3913 pertinenciis
543 3833 716 3912 universis,
749 3854 825 3916 ergo
857 3834 962 3916 ipsum
997 3833 1221 3895 molendinum
1250 3833 1394 3916 predicto
1419 3833 1509 3895 Marlr

244 3936 412 3998 statuimus
436 3949 466 3998 et
490 3939 584 3999 statui
602 3937 736 4001 fecimus
759 3938 828 4020 jure
852 3939 1073 4022 perhempnali
1086 3953 1241 4021 perpetuo
1265 3938 1509 4021 possidendum,

223 4042 503 4106 ¹contradiccio‘ne
542 4045 762 4126 quorumlibet
796 4064 861 4107 non
895 4046 1041 4109 obstante
1065 4046 1098 4107 in
1123 4046 1294 4128 premissis.

351 4148 431 4210 ltem
462 4149 593 4212 domina
626 4152 826 4234 Margaretba
859 4151 967 4213 relicta
1004 4151 1183 4214 Sebastiam
1219 4165 1328 4213 contra
1361 4150 1509 4212 Markum

244 4274 433 4336 germanum
458 4277 552 4319 suurn
576 4257 711 4319 literalis
737 4258 947 4319 instrumenta
972 4271 1027 4319 aut
1043 4258 1104 4319 alia
1129 4257 1197 4338 jura
1222 4275 1316 4339 super
1339 4268 1432 4339 pacto
1448 4269 1508 4317 sta·

246 4361 375 4422 clonum
400 4375 431 4423 et
455 4363 673 4425 convencione
705 4364 881 4425 eorundem
914 4363 1019 4445 primo
1050 4362 1171 4443 judicio
1200 4375 1272 4444 post
1302 4361 1509 4423 Nativitatem

247 4465 372 4529 domini
398 4467 547 4530 exhibere
572 4469 711 4532 debebit.

352 4573 431 4635 ltem
449 4574 629 4637 Peterlinus
642 4590 750 4637 contra
765 4574 939 4637 Renarium
957 4575 1099 4637 secundo
1114 4575 1227 4637 citatus
1240 4594 1305 4636 non
1319 4573 1507 4656 comparuit.

351 4679 430 4740 ltem
450 4698 544 4742 causa
561 4680 715 4741 Johannis
731 4679 812 4742 fabri
837 4693 867 4742 et
891 4679 1041 4742 Peterlini
1060 4694 1106 4743 est
1128 4699 1185 4763 per
1200 4693 1295 4741 testes
1311 4679 1351 4741 ad
1367 4680 1508 4761 primum

245 4780 401 4864 judicium
425 4798 496 4867 post
520 4786 727 4848 Nativitatem
753 4785 876 4848 domini
901 4799 1027 4867 recepta
1051 4785 1091 4847 ad
1115 4805 1237 4868 pacem.
