3472 5234
695 288 781 343 Anno
805 298 892 362 1375.
918 321 957 328 —
984 301 1029 348 11.
1054 289 1135 347 maii.
1499 307 1532 350 21

379 493 458 556 ltem
492 495 646 557 Nicolaus
676 494 761 557 lilius
792 496 961 580 Wllcouoy
993 499 1071 559 civis
1094 498 1133 559 de
1167 498 1388 560 Jaztreberzlra
1413 499 1452 560 ad
1478 519 1537 561 nos

276 600 408 662 veniens
432 601 525 663 nobis
548 600 739 683 significavit
763 604 946 683 querulose,
979 603 1068 685 quod
1092 604 1281 666 Valentinus
1299 604 1338 665 de
1370 605 1536 685 Criseuch,

276 706 443 769 Boterbiro
468 720 609 786 vocatus,
633 721 788 789 cognatus
810 709 961 771 videlicet
991 709 1129 772 condam
1154 711 1282 773 Martini
1307 710 1383 772 dicti
1418 712 1528 790 Reniz,

275 812 379 893 ipsum
403 812 436 873 in
460 813 511 874 via
535 813 664 896 publica
696 814 892 878 inveniendo
916 835 1016 898 prope
1049 815 1203 878 Rakouch
1234 835 1324 878 more
1356 816 1536 879 latrocinali

277 917 429 980 omnibus
452 920 546 981 bonis
569 920 635 981 suis
664 921 844 1002 spoliasset:
870 923 975 1004 primo
1006 922 1091 983 Xllll
1114 922 1254 1000 florenis,
1285 923 1448 1003 sexaginta
1482 923 1535 984 de·

274 1023 379 1103 nariis,
404 1026 548 1107 capucio,
571 1026 690 1106 tunica,
715 1026 862 1106 clamide,
887 1029 1027 1110 cingulo,
1052 1047 1126 1111 pera
1152 1042 1183 1090 et
1210 1029 1317 1090 tunica
1341 1043 1400 1091 etc.

273 1274 369 1350 Feria
397 1286 495 1351 sexta
523 1284 679 1371 proxima
707 1293 784 1371 post
812 1283 934 1355 festum
963 1286 1073 1356 sancti
1100 1284 1266 1374 johannis
1295 1290 1374 1355 ante
1401 1292 1535 1373 portam

828 1407 980 1478 latinam.

807 1577 868 1653 (11.
891 1578 983 1647 mair).

380 1734 489 1795 Primo
522 1738 616 1797 Anna
646 1749 755 1797 contra
787 1737 961 1798 Martinum
994 1737 1098 1818 primo
1122 1736 1216 1797 citata
1247 1754 1312 1796 non
1345 1737 1534 1817 comparuit.

383 1840 462 1903 Item
486 1860 580 1903 causa
604 1842 714 1903 lacobi
738 1843 855 1904 medici
873 1857 903 1904 et
920 1842 1064 1904 Franche
1080 1840 1232 1904 aurifabri
1258 1861 1294 1903 ac
1318 1841 1471 1925 Gyurgelt
1489 1857 1535 1904 est

273 1945 312 2007 ad
338 1959 411 2008 octo
436 1946 504 2009 dies
527 1962 698 2030 prorogata
722 1949 762 2009 ad
786 1950 1040 2031 responsionem.

379 2052 457 2115 Item
474 2052 606 2115 domina
630 2053 725 2115 Clara
744 2068 852 2117 contra
869 2055 1003 2117 luanum
1021 2056 1126 2137 primo
1151 2054 1244 2115 citata
1261 2073 1326 2114 non
1344 2053 1534 2135 comparuit.

377 2158 455 2221 ltem
481 2159 593 2220 Marito
616 2158 702 2221 filius
727 2160 884 2222 Gemzine
908 2174 1016 2222 contra
1035 2159 1171 2243 Mykech
1196 2173 1337 2222 sutorem
1362 2159 1466 2241 primo
1491 2159 1534 2219 ci·

271 2277 355 2327 tatus
379 2285 445 2327 non
474 2266 664 2348 comparuit.

377 2371 455 2433 ltem
479 2371 604 2434 Blasius
628 2386 737 2434 contra
763 2373 964 2455 Mychaelem
989 2372 1149 2455 Damyani
1174 2387 1288 2436 octavo
1312 2373 1363 2434 die
1387 2370 1535 2434 atestabit

272 2494 328 2558 per
352 2475 505 2538 Stanltam
531 2491 562 2538 et
586 2476 740 2539 Obilnam
766 2477 855 2558 quod
887 2478 991 2560 ipsum
1020 2478 1124 2540 dictus
1156 2478 1303 2562 Mychael
1328 2478 1533 2539 verberasset.

375 2581 454 2645 ltem
479 2582 625 2665 Mychael
658 2584 828 2667 Damyani.
848 2597 957 2646 contra
988 2585 1159 2647 Nicolaum
1184 2585 1288 2668 primo
1321 2585 1434 2646 citatus
1468 2602 1532 2644 non

272 2689 459 2772 comparuit.

376 2794 456 2858 ltem
480 2816 574 2858 causa
598 2796 727 2858 Martini
745 2809 776 2856 et
799 2796 876 2857 luan
893 2811 940 2858 est
964 2816 1018 2879 per
1042 2809 1136 2858 testes
1160 2795 1200 2858 ad
1217 2809 1290 2858 octo
1315 2794 1384 2856 dies
1407 2807 1532 2875 recepta

272 2901 312 2962 ad
335 2921 458 2985 pacem.

376 3007 454 3071 Item
480 3007 584 3072 Katha
602 3000 864 3090 Hlebopechicha
882 3022 991 3069 contra
1017 3006 1200 3070 Chernlram
1225 3007 1330 3090 primo
1355 3007 1449 3070 citata
1465 3027 1530 3070 non

271 3115 460 3196 comparuit.

377 3221 456 3282 Item
481 3221 655 3305 Dyonisius
688 3235 719 3283 et
744 3220 900 3281 Martinus
931 3233 1040 3281 contra
1072 3221 1196 3282 Mareas
1227 3220 1333 3302 primo
1357 3221 1441 3281 citati
1466 3240 1531 3283 non

272 3341 532 3409 comparuerunt.

375 3432 454 3495 Item
485 3452 580 3495 causa
612 3432 743 3514 Georgii
776 3433 904 3493 sartoris
936 3446 968 3493 et
999 3431 1138 3494 filiorum
1165 3433 1290 3496 Crisani
1323 3447 1369 3494 est
1393 3432 1432 3493 ad
1458 3446 1531 3494 octo

271 3536 339 3599 diea
361 3551 533 3622 prorogata
556 3538 597 3600 ad
629 3538 808 3599 exhibenda
840 3539 1051 3601 instrumenta
1083 3540 1216 3602 literalia
1242 3559 1298 3622 per
1323 3539 1425 3601 dictos
1448 3538 1531 3601 filios

271 3643 407 3708 Crisani.

375 3751 453 3814 Item
479 3750 654 3814 Moderhen
688 3764 718 3814 et
742 3752 849 3813 Mathe
874 3766 983 3814 contra
1008 3753 1181 3814 Martinum
1207 3750 1357 3813 claudum
1389 3750 1530 3812 secundo

270 3858 357 3924 citati
381 3880 447 3923 non
471 3870 729 3941 comparuerunt.

374 3983 454 4047 ltem
486 3983 669 4046 Anthonius
699 3981 847 4066 Zytarich
886 3997 996 4044 contra
1034 3981 1148 4045 Paulas
1179 3982 1284 4064 primo
1319 3981 1433 4042 citatus
1465 4000 1530 4042 non

270 4090 460 4173 comparuit.

375 4196 453 4259 ltem
479 4195 624 4257 Thomas
647 4192 797 4275 Chiplich
822 4207 931 4256 contra
957 4194 1064 4256 Lachlt
1087 4195 1192 4277 primo
1217 4195 1329 4256 citatus
1354 4212 1419 4254 non
1444 4211 1530 4254 com·

270 4303 385 4386 paruit.

375 4409 454 4471 ltem
478 4422 592 4471 octavo
624 4408 675 4469 die
708 4406 860 4470 Clemens
889 4422 978 4470 sutor
1006 4421 1113 4470 contra
1147 4407 1276 4468 Petrum
1299 4404 1339 4465 de
1372 4402 1530 4466 Petrouch

270 4517 416 4578 atestabit
439 4535 495 4598 per
519 4515 746 4597 Dragozlaum,
773 4515 947 4575 Henricum
966 4513 1134 4596 pellificem
1161 4527 1191 4575 et
1209 4511 1400 4593 Gregorium
1420 4528 1530 4568 voscar

269 4641 364 4704 super
387 4641 438 4701 eo,
461 4621 549 4703 quod
574 4621 679 4703 ipsum
697 4621 857 4702 predictus
880 4622 990 4682 Petrus
1014 4620 1054 4683 de
1071 4639 1127 4681 sua
1152 4620 1244 4680 vinea
1262 4614 1529 4698 potencionaliter

270 4724 467 4810 expulsisaet.
