3472 5234
246 360 307 439 34⁶

244 589 351 631 ramus
387 585 417 631 et
448 584 676 653 perpetuamus
707 570 840 632 ecclesie
872 570 970 633 sancti
1004 570 1129 632 Nicolai
1162 568 1354 632 confessoris
1377 570 1417 632 de
1448 571 1506 633 Za-

243 676 354 757 grabia
376 691 532 758 perpetuo
550 677 760 759 possidendas
776 677 1033 739 contradiccione
1043 677 1262 758 quorumlibet
1278 696 1343 739 non
1361 678 1507 741 obstante

245 783 277 842 in
293 784 466 864 premissis,
494 782 632 845 iohanni
650 782 717 845 filio
738 783 899 867 Chemery
916 798 1106 866 perpetuum
1123 783 1291 846 silencium
1309 784 1506 866 inponendo.

352 888 430 951 ltem
455 889 623 951 Elizabeth
648 903 757 951 contra
782 890 946 951 dominam
982 909 1115 951 uxorem
1139 909 1188 951 ser
1213 889 1377 951 Benedicti
1401 890 1506 972 primo

245 996 378 1057 sabbato
401 1009 475 1079 post
499 994 613 1057 festum
629 995 881 1078 Epiphaniarum
900 996 1023 1058 domini
1048 1014 1080 1057 se
1105 995 1244 1057 secunda
1265 995 1382 1078 jurabit
1406 997 1438 1058 in
1455 1016 1506 1076 eo,

243 1102 331 1182 quod
356 1102 424 1184 ipsa
449 1103 480 1163 in
506 1121 561 1163 sua
589 1102 687 1164 domo
711 1116 833 1184 septem
863 1103 1001 1165 tunellas
1032 1103 1170 1164 vinarias
1194 1102 1351 1166 dimiserit
1374 1104 1505 1186 quando

242 1207 281 1268 de
306 1228 362 1270 sua
386 1208 486 1269 domo
510 1209 549 1270 ad
575 1209 726 1270 maritum
745 1208 853 1271 ivisset
877 1222 907 1270 et
924 1209 1047 1271 nullam
1071 1229 1107 1270 er
1133 1209 1210 1291 ipsis
1233 1209 1429 1272 vendidisset
1445 1229 1504 1272 nec

243 1315 335 1377 aliter
358 1314 494 1378 lecisset.

348 1422 426 1484 ltem
451 1421 635 1484 Anthonius
659 1420 760 1483 Reniz
791 1421 923 1483 domine
949 1421 1115 1484 Elizabetb
1148 1421 1288 1483 consorti
1303 1422 1440 1484 ‘Nicolai
1465 1423 1505 1484 de

246 1528 405 1610 Nezpessa
431 1528 462 1589 in
487 1527 660 1608 quindenis
684 1547 802 1589 novem
826 1527 895 1590 flor.
919 1528 1101 1609 persolvere
1126 1528 1229 1606 debet,
1254 1548 1336 1610 quos
1359 1529 1419 1591 sibi
1445 1549 1503 1612 pro

244 1634 390 1695 emendis
422 1634 526 1716 peplis
556 1633 590 1694 in
622 1646 727 1695 nostre
760 1634 896 1696 civitatis
925 1634 1162 1696 habitacionem
1194 1633 1353 1711 dedisset;
1376 1649 1503 1717 peracta

241 1754 348 1801 autem
365 1740 530 1802 solucione
548 1739 764 1822 predictorum
797 1760 914 1802 novem
939 1740 1019 1820 flor,
1051 1740 1228 1822 quemlibet
1252 1739 1410 1803 florenum
1427 1760 1501 1804 curn

239 1846 341 1907 tribus
365 1847 472 1928 pensis
495 1860 525 1907 et
550 1845 661 1927 viginti
687 1846 825 1906 denariis
848 1847 1078 1928 computando,
1102 1845 1216 1907 eadem
1240 1845 1370 1907 domina
1396 1846 1502 1908 Eliza·

240 1951 314 2013 beth
338 1951 455 2031 jurabit
479 1952 579 2029 ineo,
603 1951 690 2033 quod
710 1952 777 2033 ipsa
801 1953 962 2033 predictos
979 1972 1096 2013 novem
1115 1951 1186 2014 flor.
1204 1952 1309 2014 eidem
1335 1952 1502 2014 Anthonio

240 2056 379 2119 dedisset
402 2056 433 2119 in
458 2056 543 2119 hunc
567 2056 674 2136 finem,
705 2073 740 2118 ut
763 2057 823 2119 sibi
856 2059 988 2141 peplum
1021 2058 1073 2120 hic
1098 2058 1252 2140 Zagrabie
1278 2072 1309 2120 et
1333 2077 1396 2120 non
1422 2059 1501 2120 alias

241 2178 441 2245 compararet
463 2182 522 2244 pro
547 2162 678 2228 eisdem.

345 2268 423 2330 ltem
447 2288 541 2330 causa
566 2268 721 2330 Anthonii
740 2269 841 2331 Reniz
867 2282 897 2330 et
923 2267 1040 2352 Gyuan
1064 2283 1110 2331 est
1126 2290 1183 2352 per
1207 2271 1357 2352 antiquos
1380 2270 1503 2353 judices

239 2374 279 2435 ad
303 2387 377 2436 octo
402 2374 469 2436 dies
493 2389 675 2458 prorogata,
700 2389 735 2438 ut
758 2377 783 2438 si
808 2376 916 2437 medio
948 2389 1093 2459 tempore
1118 2377 1314 2440 concordare
1348 2378 1502 2460 poterint,

240 2479 321 2541 bene
346 2479 489 2562 quidem,
514 2481 659 2564 alioquin
683 2481 840 2563 justiciam
864 2480 1017 2543 iaciemus
1042 2483 1122 2544 inter
1146 2497 1260 2565 partes.

309 2696 406 2772 leria
434 2710 531 2773 sexta
560 2703 717 2791 proxima
744 2708 821 2791 post
849 2702 972 2773 festum
1000 2701 1260 2790 Epiphaniarmn
1288 2703 1421 2775 domini.

345 2889 452 2949 Primo
477 2888 666 2950 Valentinus
684 2887 837 2949 Malinich
855 2901 964 2949 contra
982 2887 1089 2949 Mathe
1114 2887 1248 2969 figulum
1265 2890 1370 2972 primo
1385 2891 1502 2953 citatus

238 3013 301 3054 non
327 2995 517 3074 comparuit.

344 3099 421 3160 Item
451 3100 528 3159 Pasa
553 3113 663 3160 contra
688 3097 850 3160 Geninum
884 3099 1023 3179 juratum
1047 3102 1152 3183 primo
1185 3102 1298 3164 citatus
1322 3122 1387 3164 non
1413 3122 1499 3164 com·

239 3205 353 3284 paruit.

342 3311 420 3372 ltem
446 3330 539 3371 causa
573 3311 720 3393 Ztoyuulr
754 3324 785 3373 et
817 3311 970 3373 lobannis
1002 3327 1049 3375 est
1080 3335 1135 3396 per
1158 3314 1280 3396 judices
1310 3330 1382 3398 post
1405 3335 1499 3377 suum

237 3416 409 3478 adventum
436 3417 476 3477 ad
500 3417 640 3498 primum
664 3416 817 3497 judicium
840 3433 1020 3499 prorogata.

343 3523 420 3584 ltem
447 3524 522 3584 luan
548 3524 712 3585 Huzarcni
738 3538 846 3586 contra
872 3526 1042 3587 Nicolaum
1076 3525 1177 3589 lilium
1204 3529 1328 3590 Nicolai
1354 3528 1497 3590 secundo

237 3629 350 3691 citatus
375 3649 439 3691 non
464 3630 654 3712 comparuit.

342 3736 419 3797 ltem
456 3737 618 3798 lohannes
653 3737 731 3818 vigil
767 3751 876 3799 contra
915 3739 1105 3821 Mosnarych
1138 3740 1243 3821 primo
1283 3741 1396 3803 citatus
1431 3761 1496 3803 non

236 3844 427 3926 comparuit.

341 3949 419 4011 Item
444 3950 561 4011 Paulus
579 3949 736 4031 Chaplich
753 3964 863 4012 contra
881 3951 1019 4034 Mykech
1037 3951 1140 4013 lilium
1158 3953 1286 4015 Martini
1304 3951 1382 4014 feria
1399 3953 1497 4015 tercia

236 4073 321 4115 nunc
339 4068 472 4123 ventura
496 4076 552 4137 per
569 4056 772 4118 Clementem
795 4069 826 4119 et
843 4057 918 4119 luan
937 4059 1084 4120 atestabit
1100 4078 1194 4141 super
1211 4078 1261 4137 eo,
1285 4058 1374 4139 quod
1392 4059 1495 4141 ipsum

235 4159 266 4220 in
292 4158 361 4222 loro
387 4162 522 4243 turpiter
550 4164 754 4225 verberasset.

340 4267 417 4328 ltem
443 4268 560 4330 Paulus
583 4282 692 4330 contra
716 4269 885 4332 Nicolaum
911 4270 1052 4332 secundo
1077 4270 1190 4333 citatus
1214 4290 1277 4333 non
1304 4272 1494 4351 comparuit.

342 4373 420 4435 Item
443 4373 603 4457 Georgius
627 4390 735 4438 contra
754 4376 932 4438 iohannem
950 4377 1054 4459 primo
1079 4378 1192 4439 citatus
1215 4397 1279 4439 non
1305 4378 1495 4460 comparuit.

342 4480 420 4541 Item
444 4500 537 4542 causa
562 4481 734 4543 Alexandri
760 4495 791 4543 et
816 4482 951 4544 Mathias
976 4496 1022 4544 est
1045 4503 1101 4565 per
1126 4485 1292 4545 Marenum
1317 4498 1348 4544 et
1372 4482 1495 4545 Antho-

235 4584 324 4645 nium
349 4587 452 4648 Reniz
476 4587 515 4648 ad
540 4586 651 4649 leriam
677 4588 806 4649 terciam
841 4608 925 4650 nunc
955 4605 1121 4651 venturam
1147 4603 1273 4672 recepta
1306 4590 1346 4651 ad
1371 4609 1493 4672 pacem.

341 4693 417 4755 ltem
442 4695 593 4776 magister
624 4693 782 4756 lancbech
816 4694 976 4757 aurifaber
1007 4695 1141 4758 domino
1172 4697 1280 4759 Blasio
1305 4696 1430 4758 custodi
1461 4697 1493 4757 in

233 4793 407 4876 quindenis
431 4800 542 4863 decem
566 4799 636 4862 flor.
660 4800 727 4863 auri
752 4801 933 4883 persolvere
958 4800 1062 4865 debet.
