3472 5234
243 236 307 351 ‚³5⁴

348 446 425 510 ltem
452 448 630 510 Hanslinus
646 462 677 511 et
694 448 802 511 Bartol
819 449 902 512 iuter
925 469 993 512 sese
1017 450 1050 511 in
1067 450 1172 533 primo
1188 449 1310 532 judicio
1327 451 1504 532 (racionem

241 574 361 638 ponere
386 554 526 637 debent).

350 662 428 723 ltem
453 662 649 723 Laurencius
673 662 812 724 carnifex
831 677 940 725 eontra
964 663 1144 726 Johannem
1162 664 1323 727 literatum
1348 664 1380 725 in
1398 664 1502 746 primo

240 767 361 850 judicio
385 767 506 850 (testes)
532 768 698 830 videlicet:
720 768 920 831 Hermanum
946 769 1115 853 pellificem
1148 785 1178 832 et
1202 768 1373 832 Nicolaum
1398 768 1500 831 filium

242 875 408 938 Benedicti
432 888 568 936 statuere
592 873 698 937 debet.

348 981 425 1043 Item
451 1000 544 1042 causa
576 980 660 1043 Petri
692 995 801 1043 contra
835 981 936 1043 Malar
959 996 990 1045 et
1022 983 1199 1064 Georgium
1223 980 1276 1065 (ad
1307 1001 1418 1065 pacem
1455 996 1501 1045 est

241 1087 390 1169 recepta).

347 1194 426 1255 ltem
443 1212 537 1255 cauea
562 1194 690 1256 Martini
712 1208 820 1256 contra
844 1193 1023 1276 predictum
1050 1194 1219 1256 Nicolaum
1243 1195 1294 1278 (ad
1319 1208 1394 1257 octo
1418 1194 1499 1277 dies)

240 1314 286 1362 est
310 1312 490 1381 prorogata.

344 1406 422 1468 Item
447 1425 541 1468 causa
566 1406 665 1468 Marci
689 1405 864 1468 Blanchich
897 1421 1006 1469 contra
1030 1406 1225 1469 Hanalinum
1257 1407 1309 1490 (ad
1333 1422 1407 1469 octo
1431 1407 1500 1469 dies

240 1525 286 1573 est
310 1512 504 1594 prorogata).

343 1618 421 1680 ltem
445 1618 579 1700 Egidius
603 1616 751 1680 sacerdos
774 1631 806 1680 et
831 1618 949 1681 Paulus
979 1634 1089 1681 contra
1114 1619 1250 1681 Paulum
1275 1619 1381 1702 primo
1409 1621 1495 1683 citati

239 1742 304 1785 non
329 1738 586 1807 comparuerunt.

345 1830 423 1892 ltem
436 1851 528 1893 causa
544 1831 699 1893 Johannis
708 1829 765 1893 filii
780 1832 863 1893 Petri
876 1846 986 1894 contra
997 1833 1117 1913 Sugam
1127 1832 1167 1893 ad
1180 1852 1290 1915 pacem
1304 1849 1349 1895 est
1363 1847 1499 1916 recepta.

287 1904 314 2027 s
344 1937 423 1998 Item
456 1935 646 1999 Louraudua
678 1952 789 2000 contra
822 1938 1019 2021 Stephanum
1052 1938 1227 2001 salivenam
1259 1940 1291 2001 in
1315 1940 1421 2022 primo
1453 1939 1500 2020 ju-

238 2031 323 2105 dicio
346 2044 508 2105 racionem
532 2043 665 2126 (ponere
689 2043 807 2126 debet).

342 2150 420 2211 ltem
456 2151 623 2212 Emericus
658 2165 767 2213 contra
803 2150 1014 2214 Benedictum
1053 2152 1243 2214 secundario
1283 2152 1397 2215 citatus
1434 2173 1500 2214 uon

237 2254 437 2340 comparuit*

341 2363 420 2426 ltem
453 2365 563 2426 Petrus
587 2364 686 2426 decan
719 2377 827 2426 contra
860 2363 1031 2426 Nicolaum
1061 2364 1252 2427 secundario
1285 2364 1399 2427 citatus
1430 2384 1496 2426 nou

236 2471 426 2553 comparuit.

342 2577 420 2639 Item
457 2577 672 2648 iuramentum
708 2576 832 2638 domini
870 2575 966 2637 Blasii
993 2575 1144 2638 custodia
1174 2589 1284 2638 contra
1324 2576 1497 2638 Martinum

237 2683 330 2764 Piper
354 2697 385 2746 et
414 2703 547 2746 uxorem
579 2704 669 2745 suam
694 2683 734 2745 ad
767 2662 879 2744 feririm
910 2682 1041 2745 terciam
1073 2682 1253 2763 proximam
1285 2695 1357 2765 post
1381 2680 1498 2744 festum

237 2789 332 2851 Pasce
356 2789 479 2852 domini
505 2804 551 2852 est
575 2805 792 2873 prorogatum.

342 2897 419 2957 ltem
445 2917 538 2957 causa
564 2896 703 2977 Philippi
728 2894 844 2957 medici
870 2909 980 2956 contra
1000 2893 1181 2956 Johannem
1206 2894 1246 2956 ad
1271 2908 1344 2956 octo
1368 2895 1436 2956 diea
1453 2909 1501 2958 est

235 3017 416 3082 prorogata.

341 3108 419 3168 ltem
443 3107 626 3169 Anthonius
651 3107 776 3168 Kordar
804 3122 913 3170 contra
945 3108 1130 3190 Philippum
1162 3107 1267 3189 primo
1291 3107 1405 3168 citatus
1430 3126 1495 3169 non

236 3215 426 3296 comparuit.

341 3322 418 3382 ltem
444 3320 612 3402 Gyaninus
637 3320 757 3399 juratus
782 3322 813 3382 in
837 3322 943 3403 primo
968 3321 1087 3402 judicio
1112 3340 1168 3403 per
1198 3322 1376 3400 Mareoum,
1402 3321 1500 3382 Nico·

236 3426 322 3487 laum
349 3441 379 3488 et
405 3427 524 3506 Sugam
549 3426 610 3487 hoc
633 3428 791 3506 atestabit,
816 3426 904 3509 quod
928 3428 1033 3509 ipsum
1058 3427 1219 3488 lohannes
1237 3427 1500 3509 ..vituperasset.

342 3533 419 3594 ltem
437 3553 529 3594 causa
549 3535 649 3594 Sarko
666 3533 813 3615 pellificis
830 3547 939 3596 contra
958 3533 1099 3595 Blasium
1114 3533 1280 3594 custodem
1297 3532 1338 3594 ad
1355 3533 1497 3615 primum

235 3640 390 3721 judicium
417 3654 463 3700 est
488 3654 670 3721 prorogata.

339 3746 417 3808 ltem
441 3761 536 3808 testes
560 3765 687 3807 causam
713 3746 795 3808 inter
818 3746 926 3807 Bartol
951 3744 1133 3808 carnificem
1243 3758 1431 3827 receperunt
1458 3743 1498 3805 ad

234 3853 373 3935 primum
398 3852 564 3930 judicium.

338 3959 416 4019 ltem
441 3979 533 4021 causa
560 3959 712 4041 Stephani
743 3972 853 4020 contra
879 3958 1080 4020 Anthonium
1105 3957 1238 4040 Juraych
1262 3957 1302 4019 ad
1328 3972 1401 4019 octo
1428 3956 1497 4018 dies

233 4078 280 4128 est
307 4078 488 4147 prorogata.

339 4170 417 4233 ltem
442 4171 572 4254 Mathey
596 4171 736 4234 carnifex
761 4186 871 4233 contra
896 4170 1099 4233 Clementem
1124 4170 1156 4231 in
1181 4171 1286 4252 primo
1310 4170 1431 4250 judicio
1448 4189 1496 4232 re·

234 4276 416 4360 spondebit.

340 4383 419 4445 ltem
443 4384 597 4446 Nicolaus
622 4398 653 4446 et
675 4403 774 4464 gener
806 4383 952 4465 Mathyas
984 4396 1093 4444 contra
1118 4381 1298 4444 Johannem
1323 4379 1495 4464 pellificem

232 4489 338 4571 primo
362 4491 448 4552 citati
473 4510 538 4551 non
563 4503 822 4572 comparuerunt.

341 4596 418 4658 ltem
456 4582 615 4658 Henricus
650 4596 852 4657 Teutunicus
884 4593 961 4656 feria
991 4595 1086 4656 tercia
1120 4614 1204 4657 nunc
1240 4608 1372 4656 ventura
1403 4595 1493 4657 aolus

234 4721 330 4784 super
353 4722 392 4763 eo
416 4702 542 4785 jurabit,
567 4701 655 4784 quod
679 4702 748 4783 ipse
771 4701 946 4782 quemdam
970 4720 1103 4783 porcum
1129 4744 1494 4765 ............

759 4836 970 4854 ..m-000·—
