3472 5234
659 306 859 386 Ann01376.
883 345 924 352 -—
947 323 978 384 9.
1003 311 1083 370 maii.
1455 329 1490 386 41

338 521 416 583 Item
448 520 703 600 adjudicavimus
733 520 896 581 universas
935 520 1152 602 possessiones
1184 519 1321 581 condam
1353 520 1495 601 Strosak,

232 628 307 710 quia
331 627 399 689 aine
423 627 540 689 herede
564 638 764 687 remanentes
787 626 1038 707 reperiebantur,
1066 625 1145 688 duas
1168 639 1273 708 partes
1296 626 1490 708 pauperibus

236 746 266 795 et
290 733 423 796 ecclesie
455 746 562 794 nostre
591 731 776 814 parochiali,
806 732 936 793 terciam
968 744 1074 793 autem
1106 745 1229 814 partem
1261 731 1300 792 ad
1325 732 1495 793 utilitatem

235 853 341 903 nostre
364 839 500 901 civitatis
515 838 692 900 secundum
712 850 828 900 statuta
841 837 1042 919 privilegiata
1066 838 1207 919 predicte
1224 839 1359 899 civitatis
1376 851 1494 900 nostre.

236 946 269 1008 Si
302 964 378 1007 vero
409 945 603 1006 Blaskonem
635 943 737 1005 hlium
770 943 899 1005 Strosak
934 944 1105 1025 repatriare
1138 945 1340 1025 contingerit,
1365 944 1404 1005 de
1429 945 1495 1027 ipsa

231 1052 329 1114 tercia
352 1064 441 1133 parte
465 1051 525 1112 sibi
551 1050 774 1112 omnimodam
798 1049 956 1128 justiciam
980 1050 1203 1132 inpendemus.

338 1157 417 1218 ltem
448 1176 527 1218 uxor
557 1156 630 1216 lanz
659 1169 759 1218 tascar
794 1169 904 1217 contra
936 1155 1120 1236 Dragonam
1151 1170 1265 1218 octavo
1297 1157 1349 1218 die
1380 1156 1496 1239 jurabit

232 1280 399 1346 supereo,
424 1262 513 1344 quod
536 1281 616 1323 uxor
640 1261 739 1343 ipsius
763 1261 935 1343 Dragonye
969 1281 1068 1323 unam
1091 1261 1234 1343 ligonem
1265 1263 1324 1324 sibi
1349 1282 1407 1346 pro
1432 1263 1494 1325 alia

233 1388 289 1429 sua
313 1367 421 1449 ligone
446 1367 584 1429 dedisset
608 1381 639 1428 et
663 1367 863 1449 assignasset.

338 1473 415 1535 ltem
441 1473 538 1534 Paule
563 1472 689 1534 mulieri
713 1493 777 1534 una
801 1472 942 1534 auricula
961 1471 1119 1534 incidatur
1143 1485 1173 1535 et
1197 1474 1331 1555 turpiter
1355 1473 1394 1535 de
1419 1474 1496 1536 civi-

235 1591 297 1641 tate
322 1578 499 1662 expellatur
522 1593 652 1662 propter
675 1577 794 1640 furtum
820 1579 915 1639 unius
944 1579 1063 1660 pellicii
1088 1592 1118 1639 et
1151 1580 1239 1661 quod
1258 1599 1314 1662 per
1338 1580 1413 1641 anni
1437 1580 1496 1642 cir·

234 1685 342 1746 culum
367 1696 398 1747 et
420 1704 487 1746 uno
512 1685 563 1746 die
587 1685 628 1746 ad
652 1685 751 1766 ipsam
777 1685 936 1747 civitatem
965 1685 1081 1747 intrare
1106 1705 1170 1747 non
1205 1685 1330 1763 debeat,
1356 1685 1443 1766 quod
1468 1686 1493 1747 si

233 1803 354 1872 reperta
380 1789 486 1870 fuerit,
510 1792 733 1873 suspendatur.

337 1896 415 1959 ltem
440 1917 533 1960 causa
560 1897 691 1979 Georgii
716 1911 747 1959 et
772 1898 879 1959 Lachk
904 1896 1006 1959 estad
1029 1897 1142 1960 feriam
1165 1912 1286 1960 sextam
1308 1912 1491 1981 prorogata.

233 2114 331 2188 lesia
358 2124 456 2188 sexta
484 2120 640 2206 proxima
669 2124 745 2206 post
771 2117 895 2189 festam
923 2121 1031 2199 sancti
1060 2119 1226 2209 Johannis
1255 2127 1332 2191 ante
1360 2127 1493 2209 portam

789 2242 941 2313 latinam.

785 2395 831 2474 o.
855 2397 947 2472 maa.

339 2533 447 2595 Primo
472 2553 565 2595 causa
590 2535 705 2596 Zelezk
730 2547 761 2596 et
795 2534 948 2617 Stephani
973 2549 1020 2597 est
1050 2554 1106 2616 per
1128 2535 1320 2617 Dyonisium
1352 2549 1383 2598 et
1407 2536 1493 2598 lwan

234 2641 274 2703 ad
300 2653 373 2702 octo
397 2639 466 2701 dies
490 2653 612 2722 recepta
638 2640 678 2701 ad
701 2660 824 2723 pacem.

340 2745 417 2807 ltem
450 2743 597 2807 Geninus
628 2745 712 2808 filius
741 2745 917 2830 Mychaelis
947 2747 1015 2809 Juri
1044 2748 1166 2832 Ryhtar
1197 2749 1230 2810 in
1254 2747 1335 2813 festo
1359 2746 1495 2810 Penthe-

236 2865 337 2914 costes
360 2871 445 2914 nunc
470 2852 615 2934 proxime
639 2866 774 2915 venturo
799 2872 916 2915 novem
940 2853 1081 2916 florenos
1105 2854 1269 2917 exsolvere
1293 2855 1398 2917 debet.

339 2958 417 3020 ltem
442 2978 535 3020 causa
560 2958 650 3020 Hans
674 2973 705 3020 et
729 2960 852 3022 Mareni
884 2973 931 3022 eat
955 2980 1010 3042 per
1035 2960 1194 3023 lanchech
1219 2974 1250 3024 et
1273 2959 1444 3023 Nicolaum
1461 2959 1496 3022 fi·

234 3061 313 3124 lium
338 3062 461 3126 Odolas
484 3064 524 3126 ad
548 3078 621 3126 octo
646 3065 714 3126 dies
737 3079 863 3147 recepta
886 3064 926 3127 ad
950 3086 1073 3148 pacem.

243 3219 247 3225 .
338 3168 416 3231 Item
440 3169 573 3231 domina
596 3170 717 3232 Dicaua
742 3184 858 3233 octavo
887 3171 939 3233 die
963 3171 1079 3253 jurabit
1103 3173 1231 3235 racione
1256 3173 1421 3235 cuiusdam
1445 3192 1495 3235 ca·

238 3273 316 3353 licia,
342 3294 438 3357 quem
463 3277 624 3339 commisit
655 3278 729 3339 dare
754 3277 907 3340 Crisanus
940 3278 1077 3341 condam
1109 3280 1241 3342 maritus
1264 3299 1341 3341 suus
1364 3279 1495 3341 ecclesie

236 3380 327 3443 beate
352 3382 565 3462 Margarethe‚
588 3383 629 3444 ad
653 3384 823 3446 dicendam
847 3385 1023 3449 veritatem.

340 3487 418 3549 ltem
442 3488 702 3551 causaJanchech
719 3489 870 3552 aurifabri
889 3503 920 3552 et
934 3490 1085 3572 Stephani
1102 3492 1255 3553 sallivene
1269 3506 1315 3554 est
1328 3513 1384 3576 per
1396 3493 1496 3574 magi·

234 3604 333 3653 strum
345 3591 488 3654 Francha
503 3593 700 3656 aurifabrum
713 3610 743 3657 et
754 3596 950 3677 Stephanum
965 3597 1005 3658 ad
1018 3611 1091 3659 octo
1103 3597 1172 3659 dies
1185 3612 1313 3681 recepta
1323 3597 1363 3660 ad
1372 3619 1496 3681 pacem.

339 3697 416 3759 ltem
430 3718 522 3760 causa
537 3700 670 3761 Janslini
685 3700 835 3763 aurifabri
849 3714 880 3764 et
892 3703 990 3764 Marci
1004 3716 1050 3764 est
1065 3723 1122 3785 per
1147 3704 1334 3784 magistrum
1351 3704 1495 3766 Francha

234 3801 430 3866 aurifabrum
456 3818 486 3866 et
509 3803 711 3868 Anthonium
735 3808 847 3890 Renyz
879 3807 918 3868 ad
954 3821 1027 3870 octo
1058 3809 1126 3871 dies
1157 3823 1284 3890 recepta
1309 3809 1349 3871 ad
1374 3829 1496 3891 pacem.

339 3910 417 3972 ltem
441 3931 534 3973 causa
560 3911 691 3994 Georgii
716 3927 747 3975 et
771 3914 879 3975 Lachk
909 3914 1047 3996 lapicide
1077 3928 1124 3976 est
1146 3935 1203 3998 per
1227 3916 1332 3977 Eliam
1357 3935 1493 3998 parvum

234 4028 265 4079 et
289 4015 452 4078 Andream
476 4018 542 4101 Syb
566 4019 606 4080 ad
631 4033 704 4081 octo
728 4020 796 4082 dies
820 4033 945 4103 recepta
969 4022 1009 4082 ad
1033 4041 1156 4104 pacem.

340 4122 419 4185 Item
444 4124 596 4187 Clemens
618 4139 727 4189 contra
751 4126 914 4189 Andream
943 4127 1048 4208 primo
1081 4127 1195 4190 citatus
1217 4147 1282 4189 non
1308 4127 1497 4209 comparuit.

340 4228 418 4290 ltem
451 4230 603 4293 Nicolaus
632 4231 717 4294 filius
748 4233 873 4294 Nicolai
910 4246 1019 4295 contra
1052 4233 1225 4295 Martinum
1251 4233 1355 4315 primo
1384 4232 1497 4294 citatus

234 4352 300 4395 non
325 4336 515 4417 comparuit.

340 4439 419 4502 ltem
455 4441 615 4524 Georgius
654 4444 887 4522 mercenarius,
919 4443 1102 4506 Anthonius
1142 4443 1265 4506 Jursich
1300 4457 1413 4505 octavo
1445 4444 1496 4505 die

235 4557 346 4607 contra
370 4546 513 4609 lwanum
539 4569 572 4610 se
596 4550 713 4610 tercius
730 4549 845 4629 jurabit
869 4549 971 4625 ineo,
997 4548 1083 4629 quod
1102 4549 1169 4631 ipse
1186 4549 1326 4631 quodam
1351 4562 1496 4630 tempore

235 4668 301 4711 non
324 4664 455 4734 propter
478 4672 527 4713 res
550 4673 623 4715 suas
640 4655 807 4732 exulasset,
829 4653 883 4715 sed
902 4667 1031 4736 propter
1048 4654 1210 4736 quandam
1235 4654 1495 4716 vulneracionem

233 4755 323 4837 quod
347 4770 552 4840 perpetrarat.
