3472 5234
601 337 688 395 Anno
711 333 802 412 1376.
826 369 867 380 -
892 332 942 396 16.
965 336 1126 396 decembris.

339 548 417 610 Item
441 566 522 608 uxor
549 546 697 629 Dyonisii
719 545 835 607 sutoris
859 559 968 609 contra
993 547 1121 608 Petrum
1151 546 1349 610 sacerdotem
1382 562 1496 611 octavo

234 652 286 715 die
310 653 428 734 jurabit
451 671 545 734 super
570 671 608 714 eo
631 672 664 712 se
688 652 785 715 tercia
808 663 843 713 ut
865 651 971 733 ipsum
995 670 1060 714 non
1085 652 1322 734 vituperaverit.

339 759 419 822 Item
443 757 596 819 Nicolaus
620 770 729 820 contra
746 757 947 840 Mychaelem
963 757 1069 840 primo
1093 759 1206 820 citatus
1222 778 1288 820 non
1306 759 1496 841 comparuit.

342 865 419 927 Item
445 883 538 925 causa
562 863 689 926 Nicolai
714 862 838 925 Odolas
861 876 892 925 et
907 863 1070 925 Valentini
1094 877 1141 927 est
1164 883 1221 946 per
1245 865 1403 927 Iacobum
1419 865 1498 928 Bole

234 973 275 1035 ad
300 984 373 1033 octo
398 971 466 1032 dies
490 982 616 1051 recepta
640 969 680 1031 ad
704 988 827 1051 pacem.

339 1078 417 1140 Item
441 1078 552 1138 Petrus
577 1076 750 1157 Hungarus
782 1088 891 1138 contra
915 1075 1040 1137 Paulas·
1061 1089 1176 1138 octavo
1201 1076 1253 1139 die
1277 1077 1497 1160 respondebit.

344 1183 422 1245 Item
446 1181 610 1243 Iohannes
633 1181 758 1244 institor
789 1195 898 1243 contra
922 1180 1101 1243 Iohannem
1130 1182 1228 1244 Pazar
1251 1183 1357 1265 primo
1385 1183 1522 1246 citatus.

234 1309 300 1351 non
325 1288 514 1371 comparuit.

341 1393 418 1455 Item
444 1394 556 1455 Marko
588 1391 673 1454 filius
705 1391 862 1454 Gemzine
893 1404 1002 1454 contra
1026 1392 1115 1454 Akus
1148 1392 1252 1475 primo
1288 1393 1402 1457 citatus
1432 1412 1499 1456 non

235 1499 425 1582 comparuit.

338 1603 440 1668 Nota!
479 1604 568 1686 quod
605 1604 680 1685 quia
717 1602 859 1664 secundo
898 1602 950 1664 die
989 1602 1059 1666 sesti
1093 1603 1330 1685 Concepcionis
1365 1605 1499 1688 virginis

237 1713 337 1774 Marie
363 1711 540 1793 Gregorius
571 1723 602 1773 et
633 1710 752 1771 Paulus
780 1708 837 1770 filii
870 1709 961 1771 Pauli
994 1709 1033 1770 de
1058 1709 1193 1772 Croacia
1226 1711 1258 1771 In
1284 1710 1383 1772 domo
1415 1712 1500 1774 Petri

238 1820 355 1885 sutoris
378 1817 519 1879 concIvis
549 1816 660 1894 nostri,
691 1812 762 1897 ipso
793 1814 882 1876 domi
915 1834 980 1876 non
1012 1815 1175 1895 existente,
1208 1816 1448 1880 descendissent
1470 1829 1502 1880 et

239 1925 397 2008 quosdam
422 1922 502 1984 cifos
525 1935 693 2004 argenteos
719 1919 944 2002 perdidissent,
977 1921 1146 2003 ipsumque
1179 1922 1310 1985 Petrum
1344 1923 1503 2007 inculpas-

241 2044 322 2109 sent,
352 2027 543 2110 quiquidem
574 2027 685 2089 Petrus
709 2026 794 2087 iuxta
827 2025 963 2088 formam
996 2041 1102 2089 nostre
1134 2027 1385 2108 adjudicacionis
1408 2047 1504 2110 super

243 2136 393 2221 predictis
417 2133 483 2196 cifis
507 2133 679 2195 duodecim
702 2133 848 2215 personis
872 2133 1008 2216 prestitit
1031 2148 1276 2198 sacramentum.

344 2240 421 2302 Item
445 2238 621 2321 predictam
646 2239 773 2299 vineam
798 2238 940 2319 magistri
958 2238 1048 2299 Pauli
1073 2238 1328 2319 adjudicavimus
1352 2237 1502 2300 Markoni

142 2353 144 2356 ’
238 2344 466 2430 possidendam
498 2357 529 2405 et
556 2344 796 2425 ligonizandam
828 2362 900 2405 cum
933 2363 989 2405 sua
1013 2344 1106 2405 vinea
1138 2344 1177 2406 ad
1201 2343 1333 2407 XXVIII
1357 2345 1502 2425 ligones;

239 2453 339 2536 ipsam
375 2464 482 2514 autem
517 2469 644 2512 causam
677 2449 763 2511 idem
795 2450 945 2530 magister
970 2450 1088 2512 Paulus
1118 2449 1159 2512 ad
1193 2451 1344 2531 antiquos
1375 2449 1497 2531 judices

238 2557 422 2640 appellavit,
444 2576 507 2640 que
532 2570 578 2618 eat
601 2556 705 2617 vicina
729 2555 823 2617 vinee
847 2554 990 2638 predicto
1015 2555 1173 2618 Markoni.

346 2664 424 2725 Item
449 2682 629 2743 causaque
653 2661 786 2724 vertitur
819 2661 901 2723 Inter
925 2662 1072 2723 Markum
1104 2660 1207 2723 filium
1232 2660 1401 2724 Chernech
1425 2662 1503 2725 dicti

240 2770 342 2833 Putan
367 2781 398 2831 et
422 2768 610 2850 magistrum
643 2767 780 2828 Paulum
811 2767 940 2829 racione
969 2766 1136 2829 cuiusdam
1159 2766 1264 2846 vinee,
1296 2767 1433 2830 eandem
1457 2768 1504 2830 vi·

242 2895 337 2937 neam
361 2874 447 2956 juxta
471 2872 609 2935 formam
633 2892 762 2934 suarum
779 2872 942 2934 literarum
962 2891 1100 2934 unacum
1117 2892 1174 2935 sua
1191 2874 1283 2935 vinea
1307 2874 1348 2935 ad
1372 2873 1503 2937 XXVIII

240 2981 365 3062 ligones
388 2979 628 3062 ligonizandam
653 2978 796 3062 predicto
821 2979 933 3041 Marko
960 2979 1233 3055 adiudicavimus3
1267 2981 1368 3063 ipsam
1393 2995 1500 3043 autem
1613 3042 1617 3049 ,

241 3106 369 3148 causam
393 3086 555 3168 predictus
579 3086 728 3166 magister
752 3085 869 3147 Paulus
888 3084 928 3146 ad
953 3086 1103 3166 antiquos
1126 3085 1247 3166 judices
1272 3088 1456 3169 appellavit.

348 3192 426 3253 Item
460 3191 568 3252 Sibich
601 3204 710 3252 contra
743 3190 946 3253 Clementem
984 3203 1125 3252 sutorem
1157 3205 1271 3255 octavo
1305 3192 1357 3254 die
1389 3192 1506 3274 jurabit

244 3299 339 3361 super
364 3279 511 3361 expensis
535 3279 661 3340 medico
685 3278 784 3354 datis;
813 3279 880 3360 ipse
911 3292 1017 3339 autem
1043 3279 1196 3341 Clemens
1227 3281 1370 3364 predicto
1396 3281 1506 3343 Sibich

243 3385 322 3446 duas
345 3404 478 3463 marcas,
502 3384 601 3465 judici
626 3383 766 3445 mediam
791 3384 943 3446 exsolvet.

322 3600 420 3676 seria
449 3605 556 3675 tercia
583 3605 739 3692 proxima
767 3609 845 3692 post
871 3603 994 3674 festum
1020 3604 1116 3676 beate
1148 3605 1246 3679 lucie
1273 3608 1426 3694 virginis.

744 3752 809 3830 (16.
833 3756 1008 3833 decembris).

349 3897 458 3958 Primo
493 3894 670 3976 Gregorius
700 3896 817 3976 Angeli
857 3916 912 3978 per
943 3896 1152 3959 Salomonem
1188 3912 1219 3959 et
1249 3917 1340 3959 suam
1375 3917 1508 3959 uxorem
1593 3877 1600 3890 ⁸

245 4016 354 4066 contra
381 4002 553 4085 Gyungam
586 4002 781 4083 penesticam
812 4003 918 4084 primo
950 4004 1107 4083 atestabit,
1141 4004 1229 4085 quod
1253 4024 1344 4065 suam
1375 4022 1508 4066 uxorem

245 4110 352 4171 verbis
375 4109 523 4190 turpibus
547 4108 712 4186 affecisset,
737 4109 856 4169 ibidem
888 4110 1035 4171 atestabit
1057 4130 1114 4192 per
1136 4110 1246 4192 Voryh
1272 4123 1302 4171 et
1326 4109 1508 4171 Corardum

245 4228 400 4293 sutorem,
425 4213 514 4294 quod
540 4214 644 4294 ipsum
670 4213 818 4275 similiter
845 4214 1070 4296 vituperasset;
1095 4215 1216 4276 ibidem
1240 4214 1438 4295 Dragozlaus
1461 4212 1509 4296 ju-

244 4334 330 4383 ratus
353 4340 410 4402 per
436 4319 567 4381 eosdem
585 4319 694 4402 Voryh
718 4319 852 4400 figulum
870 4333 901 4380 et
919 4320 1100 4382 Corardum
1116 4320 1273 4399 atestabit,
1298 4320 1385 4401 quod
1403 4319 1509 4402 ipsum

244 4427 391 4489 similiter
414 4426 634 4507 vituperasset.

351 4531 428 4593 Item
455 4531 616 4593 Iohannes
633 4530 722 4593 faber
745 4544 856 4594 contra
873 4531 1069 4593 Peterlinum
1094 4533 1198 4615 primo
1216 4532 1336 4614 judicio
1361 4531 1510 4596 atestabit

246 4658 301 4720 per
325 4638 509 4700 EmerIcum
546 4657 735 4720 arcuparum
770 4651 801 4700 et
825 4638 1025 4721 Mychaelem
1058 4638 1185 4702 fratrem
1217 4659 1310 4701 suum
1335 4659 1431 4722 super
1456 4658 1510 4718 eo,

244 4743 332 4824 quod
357 4743 423 4824 ipse
447 4762 538 4806 suam
561 4762 684 4805 socram
709 4756 740 4804 et
762 4763 896 4805 uxorem
919 4742 1052 4827 turpiter
1075 4747 1280 4808 verberasset.
