<?xml version="1.0" encoding="UTF-8"?>
<!DOCTYPE html PUBLIC "-//W3C//DTD XHTML 1.0 Transitional//EN"
    "http://www.w3.org/TR/xhtml1/DTD/xhtml1-transitional.dtd">
<html xmlns="http://www.w3.org/1999/xhtml" xml:lang="en" lang="en">
 <head>
  <title>
</title>
<meta http-equiv="Content-Type" content="text/html;charset=utf-8" />
  <meta name='ocr-system' content='tesseract 3.04.00' />
  <meta name='ocr-capabilities' content='ocr_page ocr_carea ocr_par ocr_line ocrx_word'/>
</head>
<body>
  <div class='ocr_page' id='page_1' title='image "./monumentahistor09laszgoog/monumentahistor09laszgoog_0196.png"; bbox 0 0 3472 5234; ppageno 0'>
   <div class='ocr_carea' id='block_1_1' title="bbox 266 299 1141 383">
    <p class='ocr_par' dir='ltr' id='par_1_1' title="bbox 266 299 1141 383">
     <span class='ocr_line' id='line_1_1' title="bbox 266 299 1141 383; baseline 0.001 -20"><span class='ocrx_word' id='word_1_1' title='bbox 266 302 324 383; x_wconf 85' lang='lat'><strong>148</strong></span> <span class='ocrx_word' id='word_1_2' title='bbox 647 299 848 380; x_wconf 81' lang='lat' dir='ltr'><strong>Ann01378.</strong></span> <span class='ocrx_word' id='word_1_3' title='bbox 871 336 914 346; x_wconf 97' lang='lat'>—</span> <span class='ocrx_word' id='word_1_4' title='bbox 931 318 986 380; x_wconf 81' lang='lat'><strong>31.</strong></span> <span class='ocrx_word' id='word_1_5' title='bbox 1010 303 1141 378; x_wconf 78' lang='lat' dir='ltr'><strong>augusti.</strong></span> 
     </span>
    </p>
   </div>
   <div class='ocr_carea' id='block_1_2' title="bbox 255 513 1527 4809">
    <p class='ocr_par' dir='ltr' id='par_1_2' title="bbox 260 513 1526 806">
     <span class='ocr_line' id='line_1_2' title="bbox 366 513 1526 597; baseline 0.001 -21"><span class='ocrx_word' id='word_1_6' title='bbox 366 515 445 577; x_wconf 87' lang='lat' dir='ltr'>Item</span> <span class='ocrx_word' id='word_1_7' title='bbox 455 513 637 576; x_wconf 80' lang='lat' dir='ltr'>Alexander</span> <span class='ocrx_word' id='word_1_8' title='bbox 650 528 765 577; x_wconf 90' lang='lat' dir='ltr'><strong>octavo</strong></span> <span class='ocrx_word' id='word_1_9' title='bbox 781 515 833 576; x_wconf 89' lang='lat' dir='ltr'><strong>die</strong></span> <span class='ocrx_word' id='word_1_10' title='bbox 847 527 956 576; x_wconf 88' lang='lat' dir='ltr'><strong>contra</strong></span> <span class='ocrx_word' id='word_1_11' title='bbox 972 514 1143 575; x_wconf 84' lang='lat' dir='ltr'><strong>Nicolaum</strong></span> <span class='ocrx_word' id='word_1_12' title='bbox 1157 533 1214 597; x_wconf 90' lang='lat' dir='ltr'><strong>per</strong></span> <span class='ocrx_word' id='word_1_13' title='bbox 1228 515 1385 577; x_wconf 89' lang='lat' dir='ltr'><strong>Jacobum</strong></span> <span class='ocrx_word' id='word_1_14' title='bbox 1401 514 1481 577; x_wconf 90' lang='lat' dir='ltr'><strong>Bole</strong></span> <span class='ocrx_word' id='word_1_15' title='bbox 1494 528 1526 577; x_wconf 89' lang='lat' dir='ltr'><strong>et</strong></span> 
     </span>
     <span class='ocr_line' id='line_1_3' title="bbox 260 619 1521 703; baseline 0 -20"><span class='ocrx_word' id='word_1_16' title='bbox 260 621 448 703; x_wconf 86' lang='lat' dir='ltr'><strong>magistrum</strong></span> <span class='ocrx_word' id='word_1_17' title='bbox 465 621 601 682; x_wconf 87' lang='lat' dir='ltr'><strong>Paulum</strong></span> <span class='ocrx_word' id='word_1_18' title='bbox 618 620 776 699; x_wconf 90' lang='lat' dir='ltr'><strong>atestabit,</strong></span> <span class='ocrx_word' id='word_1_19' title='bbox 789 621 877 701; x_wconf 94' lang='lat' dir='ltr'><strong>quod</strong></span> <span class='ocrx_word' id='word_1_20' title='bbox 894 620 999 702; x_wconf 90' lang='lat' dir='ltr'><strong>ipsum</strong></span> <span class='ocrx_word' id='word_1_21' title='bbox 1012 620 1215 702; x_wconf 88' lang='lat' dir='ltr'><strong>vituperiosis</strong></span> <span class='ocrx_word' id='word_1_22' title='bbox 1232 620 1338 682; x_wconf 88' lang='lat' dir='ltr'><strong>verbis</strong></span> <span class='ocrx_word' id='word_1_23' title='bbox 1354 619 1521 683; x_wconf 86' lang='lat' dir='ltr'><strong>affecisset.</strong></span> 
     </span>
     <span class='ocr_line' id='line_1_4' title="bbox 367 724 1521 806; baseline -0.001 -18"><span class='ocrx_word' id='word_1_24' title='bbox 367 727 446 790; x_wconf 87' lang='lat' dir='ltr'><strong>Item</strong></span> <span class='ocrx_word' id='word_1_25' title='bbox 470 725 585 788; x_wconf 89' lang='lat' dir='ltr'><strong>Tadeo</strong></span> <span class='ocrx_word' id='word_1_26' title='bbox 601 739 711 789; x_wconf 92' lang='lat' dir='ltr'><strong>contra</strong></span> <span class='ocrx_word' id='word_1_27' title='bbox 727 724 929 787; x_wconf 81' lang='lat' dir='ltr'><strong>Anthonium</strong></span> <span class='ocrx_word' id='word_1_28' title='bbox 945 725 1084 806; x_wconf 78' lang='lat' dir='ltr'><strong>juratum</strong></span> <span class='ocrx_word' id='word_1_29' title='bbox 1100 738 1215 787; x_wconf 90' lang='lat' dir='ltr'><strong>octavo</strong></span> <span class='ocrx_word' id='word_1_30' title='bbox 1234 725 1286 787; x_wconf 92' lang='lat' dir='ltr'><strong>die</strong></span> <span class='ocrx_word' id='word_1_31' title='bbox 1304 724 1521 806; x_wconf 86' lang='lat' dir='ltr'>respondebit.</span> 
     </span>
    </p>

    <p class='ocr_par' dir='ltr' id='par_1_3' title="bbox 260 829 1527 1021">
     <span class='ocr_line' id='line_1_5' title="bbox 369 829 1527 914; baseline -0.001 -19"><span class='ocrx_word' id='word_1_32' title='bbox 369 833 447 895; x_wconf 89' lang='lat' dir='ltr'>Item</span> <span class='ocrx_word' id='word_1_33' title='bbox 482 833 633 914; x_wconf 89' lang='lat' dir='ltr'><strong>magister</strong></span> <span class='ocrx_word' id='word_1_34' title='bbox 672 832 834 894; x_wconf 85' lang='lat' dir='ltr'><strong>Iohannes</strong></span> <span class='ocrx_word' id='word_1_35' title='bbox 867 844 977 894; x_wconf 88' lang='lat' dir='ltr'><strong>contra</strong></span> <span class='ocrx_word' id='word_1_36' title='bbox 1012 829 1184 898; x_wconf 79' lang='lat' dir='ltr'><strong>Nicolaum</strong></span> <span class='ocrx_word' id='word_1_37' title='bbox 1228 831 1371 894; x_wconf 90' lang='lat' dir='ltr'><strong>secundo</strong></span> <span class='ocrx_word' id='word_1_38' title='bbox 1413 832 1527 894; x_wconf 83' lang='lat' dir='ltr'><strong>citatus</strong></span> 
     </span>
     <span class='ocr_line' id='line_1_6' title="bbox 260 940 537 1021; baseline 0.004 -19"><span class='ocrx_word' id='word_1_39' title='bbox 260 960 326 1003; x_wconf 91' lang='lat' dir='ltr'><strong>non</strong></span> <span class='ocrx_word' id='word_1_40' title='bbox 348 940 537 1021; x_wconf 83' lang='lat' dir='ltr'><strong>comparuit.</strong></span> 
     </span>
    </p>

    <p class='ocr_par' dir='ltr' id='par_1_4' title="bbox 259 1042 1520 1234">
     <span class='ocr_line' id='line_1_7' title="bbox 365 1042 1520 1127; baseline -0.002 -21"><span class='ocrx_word' id='word_1_41' title='bbox 365 1046 444 1107; x_wconf 90' lang='lat' dir='ltr'><strong>Item</strong></span> <span class='ocrx_word' id='word_1_42' title='bbox 469 1044 616 1127; x_wconf 89' lang='lat' dir='ltr'><strong>Mychael</strong></span> <span class='ocrx_word' id='word_1_43' title='bbox 641 1043 800 1126; x_wconf 90' lang='lat' dir='ltr'><strong>Damyani</strong></span> <span class='ocrx_word' id='word_1_44' title='bbox 825 1057 934 1106; x_wconf 92' lang='lat' dir='ltr'><strong>contra</strong></span> <span class='ocrx_word' id='word_1_45' title='bbox 962 1042 1161 1126; x_wconf 82' lang='lat' dir='ltr'><strong>Stephanum</strong></span> <span class='ocrx_word' id='word_1_46' title='bbox 1186 1043 1292 1126; x_wconf 92' lang='lat' dir='ltr'><strong>primo</strong></span> <span class='ocrx_word' id='word_1_47' title='bbox 1317 1043 1430 1105; x_wconf 87' lang='lat' dir='ltr'><strong>citatus</strong></span> <span class='ocrx_word' id='word_1_48' title='bbox 1454 1062 1520 1105; x_wconf 88' lang='lat' dir='ltr'><strong>oon</strong></span> 
     </span>
     <span class='ocr_line' id='line_1_8' title="bbox 259 1150 451 1234; baseline -0.005 -20"><span class='ocrx_word' id='word_1_49' title='bbox 259 1150 451 1234; x_wconf 84' lang='lat' dir='ltr'><strong>comparuit.</strong></span> 
     </span>
    </p>

    <p class='ocr_par' dir='ltr' id='par_1_5' title="bbox 259 1254 1525 1444">
     <span class='ocr_line' id='line_1_9' title="bbox 365 1254 1525 1338; baseline -0.001 -21"><span class='ocrx_word' id='word_1_50' title='bbox 365 1257 444 1318; x_wconf 89' lang='lat' dir='ltr'><strong>Item</strong></span> <span class='ocrx_word' id='word_1_51' title='bbox 470 1254 645 1337; x_wconf 83' lang='lat' dir='ltr'><strong>Gregorius</strong></span> <span class='ocrx_word' id='word_1_52' title='bbox 667 1273 779 1317; x_wconf 92' lang='lat' dir='ltr'><strong>voscar</strong></span> <span class='ocrx_word' id='word_1_53' title='bbox 802 1268 911 1316; x_wconf 90' lang='lat' dir='ltr'><strong>contra</strong></span> <span class='ocrx_word' id='word_1_54' title='bbox 936 1255 1156 1317; x_wconf 92' lang='lat' dir='ltr'><strong>Hanchlinum</strong></span> <span class='ocrx_word' id='word_1_55' title='bbox 1182 1256 1287 1338; x_wconf 90' lang='lat' dir='ltr'><strong>primo</strong></span> <span class='ocrx_word' id='word_1_56' title='bbox 1316 1255 1432 1317; x_wconf 87' lang='lat' dir='ltr'><strong>citatus</strong></span> <span class='ocrx_word' id='word_1_57' title='bbox 1460 1273 1525 1316; x_wconf 91' lang='lat' dir='ltr'><strong>non</strong></span> 
     </span>
     <span class='ocr_line' id='line_1_10' title="bbox 259 1362 449 1444; baseline -0.005 -20"><span class='ocrx_word' id='word_1_58' title='bbox 259 1362 449 1444; x_wconf 90' lang='lat' dir='ltr'><strong>comparuit.</strong></span> 
     </span>
    </p>

    <p class='ocr_par' dir='ltr' id='par_1_6' title="bbox 259 1465 1526 1657">
     <span class='ocr_line' id='line_1_11' title="bbox 367 1465 1526 1548; baseline 0.002 -19"><span class='ocrx_word' id='word_1_59' title='bbox 367 1468 446 1530; x_wconf 91' lang='lat' dir='ltr'><strong>Item</strong></span> <span class='ocrx_word' id='word_1_60' title='bbox 472 1467 559 1529; x_wconf 88' lang='lat' dir='ltr'><strong>Elias</strong></span> <span class='ocrx_word' id='word_1_61' title='bbox 582 1486 699 1548; x_wconf 90' lang='lat' dir='ltr'><strong>parvus</strong></span> <span class='ocrx_word' id='word_1_62' title='bbox 722 1479 831 1528; x_wconf 91' lang='lat' dir='ltr'><strong>contra</strong></span> <span class='ocrx_word' id='word_1_63' title='bbox 856 1465 1058 1529; x_wconf 82' lang='lat' dir='ltr'><strong>Anthonium</strong></span> <span class='ocrx_word' id='word_1_64' title='bbox 1081 1465 1221 1547; x_wconf 87' lang='lat' dir='ltr'><strong>juratum</strong></span> <span class='ocrx_word' id='word_1_65' title='bbox 1245 1468 1388 1530; x_wconf 89' lang='lat' dir='ltr'><strong>secundo</strong></span> <span class='ocrx_word' id='word_1_66' title='bbox 1413 1469 1526 1531; x_wconf 87' lang='lat' dir='ltr'><strong>citatus</strong></span> 
     </span>
     <span class='ocr_line' id='line_1_12' title="bbox 259 1573 1103 1657; baseline -0.006 -21"><span class='ocrx_word' id='word_1_67' title='bbox 259 1594 325 1636; x_wconf 90' lang='lat' dir='ltr'><strong>non</strong></span> <span class='ocrx_word' id='word_1_68' title='bbox 349 1573 543 1657; x_wconf 90' lang='lat' dir='ltr'><strong>comparuit.</strong></span> <span class='ocrx_word' id='word_1_69' title='bbox 1099 1633 1103 1640; x_wconf 77' lang='grc'><strong>,</strong></span> 
     </span>
    </p>

    <p class='ocr_par' dir='ltr' id='par_1_7' title="bbox 258 1676 1526 1869">
     <span class='ocr_line' id='line_1_13' title="bbox 367 1676 1526 1761; baseline 0.001 -21"><span class='ocrx_word' id='word_1_70' title='bbox 367 1680 445 1742; x_wconf 86' lang='lat' dir='ltr'><strong>Item</strong></span> <span class='ocrx_word' id='word_1_71' title='bbox 471 1677 618 1761; x_wconf 89' lang='lat' dir='ltr'><strong>Mychael</strong></span> <span class='ocrx_word' id='word_1_72' title='bbox 643 1677 803 1760; x_wconf 89' lang='lat' dir='ltr'><strong>Damyani</strong></span> <span class='ocrx_word' id='word_1_73' title='bbox 826 1689 936 1738; x_wconf 92' lang='lat' dir='ltr'><strong>contra</strong></span> <span class='ocrx_word' id='word_1_74' title='bbox 960 1676 1120 1739; x_wconf 90' lang='lat' dir='ltr'><strong>Grecham</strong></span> <span class='ocrx_word' id='word_1_75' title='bbox 1137 1679 1307 1740; x_wconf 90' lang='lat' dir='ltr'><strong>mulierem</strong></span> <span class='ocrx_word' id='word_1_76' title='bbox 1334 1692 1449 1741; x_wconf 93' lang='lat' dir='ltr'><strong>octavo</strong></span> <span class='ocrx_word' id='word_1_77' title='bbox 1473 1678 1526 1741; x_wconf 92' lang='lat' dir='ltr'><strong>die</strong></span> 
     </span>
     <span class='ocr_line' id='line_1_14' title="bbox 258 1785 478 1869; baseline -0.014 -21"><span class='ocrx_word' id='word_1_78' title='bbox 258 1785 478 1869; x_wconf 88' lang='lat' dir='ltr'><strong>respondebit.</strong></span> 
     </span>
    </p>

    <p class='ocr_par' dir='ltr' id='par_1_8' title="bbox 365 1888 1525 1973">
     <span class='ocr_line' id='line_1_15' title="bbox 365 1888 1525 1973; baseline 0 -20"><span class='ocrx_word' id='word_1_79' title='bbox 365 1891 444 1954; x_wconf 86' lang='lat' dir='ltr'><strong>Item</strong></span> <span class='ocrx_word' id='word_1_80' title='bbox 463 1889 638 1971; x_wconf 82' lang='lat' dir='ltr'><strong>Gregorius</strong></span> <span class='ocrx_word' id='word_1_81' title='bbox 652 1903 763 1951; x_wconf 90' lang='lat' dir='ltr'><strong>contra</strong></span> <span class='ocrx_word' id='word_1_82' title='bbox 780 1888 938 1952; x_wconf 90' lang='lat' dir='ltr'><strong>Grecham</strong></span> <span class='ocrx_word' id='word_1_83' title='bbox 953 1888 1096 1951; x_wconf 88' lang='lat' dir='ltr'><strong>secundo</strong></span> <span class='ocrx_word' id='word_1_84' title='bbox 1117 1888 1233 1952; x_wconf 90' lang='lat' dir='ltr'><strong>citatus</strong></span> <span class='ocrx_word' id='word_1_85' title='bbox 1247 1909 1313 1950; x_wconf 92' lang='lat' dir='ltr'><strong>non</strong></span> <span class='ocrx_word' id='word_1_86' title='bbox 1331 1890 1525 1973; x_wconf 86' lang='lat' dir='ltr'><strong>comparuit.</strong></span> 
     </span>
    </p>

    <p class='ocr_par' dir='ltr' id='par_1_9' title="bbox 364 1993 1481 2079">
     <span class='ocr_line' id='line_1_16' title="bbox 364 1993 1481 2079; baseline 0.001 -22"><span class='ocrx_word' id='word_1_87' title='bbox 364 1997 444 2059; x_wconf 88' lang='lat' dir='ltr'><strong>Item</strong></span> <span class='ocrx_word' id='word_1_88' title='bbox 469 1995 555 2057; x_wconf 90' lang='lat' dir='ltr'><strong>Iwan</strong></span> <span class='ocrx_word' id='word_1_89' title='bbox 579 2009 688 2057; x_wconf 92' lang='lat' dir='ltr'><strong>contra</strong></span> <span class='ocrx_word' id='word_1_90' title='bbox 711 1999 874 2076; x_wconf 89' lang='lat' dir='ltr'><strong>Agnesam</strong></span> <span class='ocrx_word' id='word_1_91' title='bbox 897 1993 1039 2057; x_wconf 89' lang='lat' dir='ltr'><strong>secundo</strong></span> <span class='ocrx_word' id='word_1_92' title='bbox 1063 1995 1176 2057; x_wconf 87' lang='lat' dir='ltr'><strong>citatus</strong></span> <span class='ocrx_word' id='word_1_93' title='bbox 1201 2015 1267 2056; x_wconf 90' lang='lat' dir='ltr'><strong>non</strong></span> <span class='ocrx_word' id='word_1_94' title='bbox 1290 1995 1481 2079; x_wconf 90' lang='lat' dir='ltr'><strong>comparuit.</strong></span> 
     </span>
    </p>

    <p class='ocr_par' dir='ltr' id='par_1_10' title="bbox 257 2099 1526 2291">
     <span class='ocr_line' id='line_1_17' title="bbox 364 2099 1526 2182; baseline 0.001 -19"><span class='ocrx_word' id='word_1_95' title='bbox 364 2103 442 2165; x_wconf 89' lang='lat' dir='ltr'><strong>Item</strong></span> <span class='ocrx_word' id='word_1_96' title='bbox 466 2101 622 2163; x_wconf 90' lang='lat' dir='ltr'><strong>Martinus</strong></span> <span class='ocrx_word' id='word_1_97' title='bbox 646 2101 739 2182; x_wconf 90' lang='lat' dir='ltr'><strong>Piper</strong></span> <span class='ocrx_word' id='word_1_98' title='bbox 762 2113 872 2162; x_wconf 91' lang='lat' dir='ltr'><strong>contra</strong></span> <span class='ocrx_word' id='word_1_99' title='bbox 896 2099 1076 2182; x_wconf 83' lang='lat' dir='ltr'><strong>Georgium</strong></span> <span class='ocrx_word' id='word_1_100' title='bbox 1100 2099 1241 2182; x_wconf 89' lang='lat' dir='ltr'><strong>juratum</strong></span> <span class='ocrx_word' id='word_1_101' title='bbox 1265 2115 1379 2163; x_wconf 88' lang='lat' dir='ltr'><strong>octavo</strong></span> <span class='ocrx_word' id='word_1_102' title='bbox 1405 2102 1457 2164; x_wconf 89' lang='lat' dir='ltr'><strong>die</strong></span> <span class='ocrx_word' id='word_1_103' title='bbox 1477 2122 1526 2164; x_wconf 89' lang='lat' dir='ltr'><strong>re·</strong></span> 
     </span>
     <span class='ocr_line' id='line_1_18' title="bbox 257 2208 440 2291; baseline 0 -21"><span class='ocrx_word' id='word_1_104' title='bbox 257 2208 440 2291; x_wconf 89' lang='lat' dir='ltr'><strong>spondebit.</strong></span> 
     </span>
    </p>

    <p class='ocr_par' dir='ltr' id='par_1_11' title="bbox 257 2312 1527 2502">
     <span class='ocr_line' id='line_1_19' title="bbox 363 2312 1527 2396; baseline 0.002 -21"><span class='ocrx_word' id='word_1_105' title='bbox 363 2314 442 2375; x_wconf 90' lang='lat' dir='ltr'><strong>Item</strong></span> <span class='ocrx_word' id='word_1_106' title='bbox 474 2332 568 2374; x_wconf 91' lang='lat' dir='ltr'><strong>causa</strong></span> <span class='ocrx_word' id='word_1_107' title='bbox 600 2312 748 2394; x_wconf 84' lang='lat' dir='ltr'><strong>Gregorii</strong></span> <span class='ocrx_word' id='word_1_108' title='bbox 780 2333 891 2375; x_wconf 91' lang='lat' dir='ltr'><strong>voscar</strong></span> <span class='ocrx_word' id='word_1_109' title='bbox 921 2326 951 2374; x_wconf 89' lang='lat' dir='ltr'><strong>et</strong></span> <span class='ocrx_word' id='word_1_110' title='bbox 983 2313 1129 2374; x_wconf 89' lang='lat' dir='ltr'><strong>Mauricii</strong></span> <span class='ocrx_word' id='word_1_111' title='bbox 1155 2326 1203 2375; x_wconf 88' lang='lat' dir='ltr'><strong>est</strong></span> <span class='ocrx_word' id='word_1_112' title='bbox 1235 2333 1291 2396; x_wconf 88' lang='lat' dir='ltr'><strong>per</strong></span> <span class='ocrx_word' id='word_1_113' title='bbox 1315 2313 1527 2377; x_wconf 90' lang='lat' dir='ltr'><strong>Franciscutn</strong></span> 
     </span>
     <span class='ocr_line' id='line_1_20' title="bbox 257 2418 1014 2502; baseline -0.001 -19"><span class='ocrx_word' id='word_1_114' title='bbox 257 2420 396 2502; x_wconf 78' lang='lat' dir='ltr'><strong>juratum</strong></span> <span class='ocrx_word' id='word_1_115' title='bbox 422 2419 462 2481; x_wconf 90' lang='lat' dir='ltr'><strong>ad</strong></span> <span class='ocrx_word' id='word_1_116' title='bbox 486 2433 560 2481; x_wconf 90' lang='lat' dir='ltr'><strong>octo</strong></span> <span class='ocrx_word' id='word_1_117' title='bbox 584 2418 652 2480; x_wconf 88' lang='lat' dir='ltr'><strong>dies</strong></span> <span class='ocrx_word' id='word_1_118' title='bbox 675 2433 802 2501; x_wconf 92' lang='lat' dir='ltr'><strong>recepta</strong></span> <span class='ocrx_word' id='word_1_119' title='bbox 826 2418 867 2480; x_wconf 91' lang='lat' dir='ltr'><strong>ad</strong></span> <span class='ocrx_word' id='word_1_120' title='bbox 891 2438 1014 2501; x_wconf 90' lang='lat' dir='ltr'><strong>pacem.</strong></span> 
     </span>
    </p>

    <p class='ocr_par' dir='ltr' id='par_1_12' title="bbox 257 2523 1526 2715">
     <span class='ocr_line' id='line_1_21' title="bbox 364 2523 1526 2605; baseline 0.001 -19"><span class='ocrx_word' id='word_1_121' title='bbox 364 2525 442 2587; x_wconf 90' lang='lat' dir='ltr'><strong>Item</strong></span> <span class='ocrx_word' id='word_1_122' title='bbox 475 2525 637 2587; x_wconf 89' lang='lat' dir='ltr'><strong>Iohannes</strong></span> <span class='ocrx_word' id='word_1_123' title='bbox 669 2524 833 2587; x_wconf 89' lang='lat' dir='ltr'><strong>Chemerii</strong></span> <span class='ocrx_word' id='word_1_124' title='bbox 864 2537 974 2586; x_wconf 90' lang='lat' dir='ltr'><strong>contra</strong></span> <span class='ocrx_word' id='word_1_125' title='bbox 1006 2523 1184 2605; x_wconf 90' lang='lat' dir='ltr'><strong>Georgium</strong></span> <span class='ocrx_word' id='word_1_126' title='bbox 1222 2524 1383 2586; x_wconf 88' lang='lat' dir='ltr'><strong>literatum</strong></span> <span class='ocrx_word' id='word_1_127' title='bbox 1412 2537 1526 2587; x_wconf 89' lang='lat' dir='ltr'><strong>octavo</strong></span> 
     </span>
     <span class='ocr_line' id='line_1_22' title="bbox 257 2632 555 2715; baseline -0.003 -21"><span class='ocrx_word' id='word_1_128' title='bbox 257 2632 310 2695; x_wconf 88' lang='lat' dir='ltr'><strong>die</strong></span> <span class='ocrx_word' id='word_1_129' title='bbox 336 2632 555 2715; x_wconf 86' lang='lat' dir='ltr'><strong>respondebit.</strong></span> 
     </span>
    </p>

    <p class='ocr_par' dir='ltr' id='par_1_13' title="bbox 255 2734 1525 2928">
     <span class='ocr_line' id='line_1_23' title="bbox 361 2734 1525 2820; baseline -0.001 -21"><span class='ocrx_word' id='word_1_130' title='bbox 361 2738 440 2800; x_wconf 90' lang='lat' dir='ltr'><strong>Item</strong></span> <span class='ocrx_word' id='word_1_131' title='bbox 471 2737 677 2820; x_wconf 88' lang='lat' dir='ltr'><strong>Wlkouycha</strong></span> <span class='ocrx_word' id='word_1_132' title='bbox 707 2750 738 2798; x_wconf 90' lang='lat' dir='ltr'><strong>et</strong></span> <span class='ocrx_word' id='word_1_133' title='bbox 769 2736 850 2820; x_wconf 88' lang='lat' dir='ltr'><strong>Elya</strong></span> <span class='ocrx_word' id='word_1_134' title='bbox 884 2750 993 2798; x_wconf 89' lang='lat' dir='ltr'><strong>contra</strong></span> <span class='ocrx_word' id='word_1_135' title='bbox 1025 2734 1203 2817; x_wconf 86' lang='lat' dir='ltr'><strong>Georgium</strong></span> <span class='ocrx_word' id='word_1_136' title='bbox 1240 2748 1355 2797; x_wconf 92' lang='lat' dir='ltr'><strong>octavo</strong></span> <span class='ocrx_word' id='word_1_137' title='bbox 1392 2735 1444 2798; x_wconf 92' lang='lat' dir='ltr'><strong>die</strong></span> <span class='ocrx_word' id='word_1_138' title='bbox 1477 2755 1525 2798; x_wconf 91' lang='lat' dir='ltr'><strong>re·</strong></span> 
     </span>
     <span class='ocr_line' id='line_1_24' title="bbox 255 2845 472 2928; baseline -0.009 -20"><span class='ocrx_word' id='word_1_139' title='bbox 255 2845 472 2928; x_wconf 83' lang='lat' dir='ltr'><strong>spondebant.</strong></span> 
     </span>
    </p>

    <p class='ocr_par' dir='ltr' id='par_1_14' title="bbox 256 2946 1523 3138">
     <span class='ocr_line' id='line_1_25' title="bbox 365 2946 1523 3030; baseline -0.004 -17"><span class='ocrx_word' id='word_1_140' title='bbox 365 2951 444 3013; x_wconf 90' lang='lat' dir='ltr'><strong>Item</strong></span> <span class='ocrx_word' id='word_1_141' title='bbox 468 2950 630 3011; x_wconf 87' lang='lat' dir='ltr'><strong>Janslinus</strong></span> <span class='ocrx_word' id='word_1_142' title='bbox 653 2948 813 3011; x_wconf 87' lang='lat' dir='ltr'><strong>aurifaber</strong></span> <span class='ocrx_word' id='word_1_143' title='bbox 843 2947 977 3010; x_wconf 90' lang='lat' dir='ltr'><strong>domino</strong></span> <span class='ocrx_word' id='word_1_144' title='bbox 1007 2947 1157 3030; x_wconf 91' lang='lat' dir='ltr'><strong>Philippo</strong></span> <span class='ocrx_word' id='word_1_145' title='bbox 1193 2949 1297 3010; x_wconf 90' lang='lat' dir='ltr'><strong>Mauri</strong></span> <span class='ocrx_word' id='word_1_146' title='bbox 1329 2947 1412 3010; x_wconf 89' lang='lat' dir='ltr'><strong>duos</strong></span> <span class='ocrx_word' id='word_1_147' title='bbox 1444 2946 1523 3009; x_wconf 87' lang='lat' dir='ltr'><strong>cifos</strong></span> 
     </span>
     <span class='ocr_line' id='line_1_26' title="bbox 256 3054 873 3138; baseline -0.003 -20"><span class='ocrx_word' id='word_1_148' title='bbox 256 3070 425 3138; x_wconf 90' lang='lat' dir='ltr'><strong>argenteos</strong></span> <span class='ocrx_word' id='word_1_149' title='bbox 448 3056 481 3116; x_wconf 90' lang='lat' dir='ltr'><strong>iu</strong></span> <span class='ocrx_word' id='word_1_150' title='bbox 507 3055 678 3136; x_wconf 89' lang='lat' dir='ltr'><strong>quiudeuis</strong></span> <span class='ocrx_word' id='word_1_151' title='bbox 703 3054 873 3135; x_wconf 88' lang='lat' dir='ltr'><strong>persolvet.</strong></span> 
     </span>
    </p>

    <p class='ocr_par' dir='ltr' id='par_1_15' title="bbox 255 3159 1517 3348">
     <span class='ocr_line' id='line_1_27' title="bbox 361 3159 1517 3241; baseline -0.001 -19"><span class='ocrx_word' id='word_1_152' title='bbox 361 3161 439 3222; x_wconf 90' lang='lat' dir='ltr'><strong>Item</strong></span> <span class='ocrx_word' id='word_1_153' title='bbox 463 3159 644 3221; x_wconf 84' lang='lat' dir='ltr'><strong>Alexander</strong></span> <span class='ocrx_word' id='word_1_154' title='bbox 675 3174 783 3222; x_wconf 88' lang='lat' dir='ltr'><strong>contra</strong></span> <span class='ocrx_word' id='word_1_155' title='bbox 815 3160 985 3221; x_wconf 86' lang='lat' dir='ltr'><strong>dominum</strong></span> <span class='ocrx_word' id='word_1_156' title='bbox 1018 3159 1203 3241; x_wconf 89' lang='lat' dir='ltr'><strong>Philippum</strong></span> <span class='ocrx_word' id='word_1_157' title='bbox 1228 3159 1370 3223; x_wconf 88' lang='lat' dir='ltr'><strong>secundo</strong></span> <span class='ocrx_word' id='word_1_158' title='bbox 1402 3161 1517 3223; x_wconf 90' lang='lat' dir='ltr'><strong>citatus</strong></span> 
     </span>
     <span class='ocr_line' id='line_1_28' title="bbox 255 3266 534 3348; baseline 0 -20"><span class='ocrx_word' id='word_1_159' title='bbox 255 3286 321 3328; x_wconf 90' lang='lat' dir='ltr'><strong>non</strong></span> <span class='ocrx_word' id='word_1_160' title='bbox 345 3266 534 3348; x_wconf 90' lang='lat' dir='ltr'><strong>comparuit.</strong></span> 
     </span>
    </p>

    <p class='ocr_par' dir='ltr' id='par_1_16' title="bbox 361 3371 1512 3454">
     <span class='ocr_line' id='line_1_29' title="bbox 361 3371 1512 3454; baseline 0.002 -23"><span class='ocrx_word' id='word_1_161' title='bbox 361 3371 440 3433; x_wconf 90' lang='lat' dir='ltr'><strong>Item</strong></span> <span class='ocrx_word' id='word_1_162' title='bbox 464 3371 567 3432; x_wconf 87' lang='lat' dir='ltr'><strong>Lucas</strong></span> <span class='ocrx_word' id='word_1_163' title='bbox 590 3384 700 3432; x_wconf 88' lang='lat' dir='ltr'><strong>contra</strong></span> <span class='ocrx_word' id='word_1_164' title='bbox 724 3372 904 3434; x_wconf 88' lang='lat' dir='ltr'><strong>Janslinum</strong></span> <span class='ocrx_word' id='word_1_165' title='bbox 927 3371 1068 3432; x_wconf 90' lang='lat' dir='ltr'><strong>secundo</strong></span> <span class='ocrx_word' id='word_1_166' title='bbox 1093 3371 1207 3433; x_wconf 90' lang='lat' dir='ltr'><strong>citatus</strong></span> <span class='ocrx_word' id='word_1_167' title='bbox 1231 3390 1295 3433; x_wconf 92' lang='lat' dir='ltr'><strong>non</strong></span> <span class='ocrx_word' id='word_1_168' title='bbox 1321 3371 1512 3454; x_wconf 90' lang='lat' dir='ltr'><strong>comparuit.</strong></span> 
     </span>
    </p>

    <p class='ocr_par' dir='ltr' id='par_1_17' title="bbox 361 3476 1509 3560">
     <span class='ocr_line' id='line_1_30' title="bbox 361 3476 1509 3560; baseline 0 -23"><span class='ocrx_word' id='word_1_169' title='bbox 361 3477 440 3538; x_wconf 92' lang='lat' dir='ltr'><strong>Item</strong></span> <span class='ocrx_word' id='word_1_170' title='bbox 465 3476 609 3538; x_wconf 86' lang='lat' dir='ltr'><strong>Thomas</strong></span> <span class='ocrx_word' id='word_1_171' title='bbox 634 3491 742 3538; x_wconf 91' lang='lat' dir='ltr'><strong>contra</strong></span> <span class='ocrx_word' id='word_1_172' title='bbox 767 3476 934 3539; x_wconf 88' lang='lat' dir='ltr'><strong>Elizabeth</strong></span> <span class='ocrx_word' id='word_1_173' title='bbox 950 3477 1092 3538; x_wconf 90' lang='lat' dir='ltr'><strong>secundo</strong></span> <span class='ocrx_word' id='word_1_174' title='bbox 1109 3477 1223 3539; x_wconf 92' lang='lat' dir='ltr'><strong>citatus</strong></span> <span class='ocrx_word' id='word_1_175' title='bbox 1243 3497 1308 3539; x_wconf 92' lang='lat' dir='ltr'><strong>non</strong></span> <span class='ocrx_word' id='word_1_176' title='bbox 1328 3477 1509 3560; x_wconf 89' lang='lat' dir='ltr'><strong>comparuit</strong></span> 
     </span>
    </p>

    <p class='ocr_par' dir='ltr' id='par_1_18' title="bbox 363 3581 1378 3665">
     <span class='ocr_line' id='line_1_31' title="bbox 363 3581 1378 3665; baseline 0.001 -23"><span class='ocrx_word' id='word_1_177' title='bbox 363 3581 442 3643; x_wconf 86' lang='lat' dir='ltr'><strong>Item</strong></span> <span class='ocrx_word' id='word_1_178' title='bbox 468 3581 545 3643; x_wconf 89' lang='lat' dir='ltr'><strong>Iuan</strong></span> <span class='ocrx_word' id='word_1_179' title='bbox 570 3594 679 3644; x_wconf 90' lang='lat' dir='ltr'><strong>contra</strong></span> <span class='ocrx_word' id='word_1_180' title='bbox 704 3583 811 3665; x_wconf 88' lang='lat' dir='ltr'><strong>Erney</strong></span> <span class='ocrx_word' id='word_1_181' title='bbox 834 3583 939 3664; x_wconf 85' lang='lat' dir='ltr'><strong>prImo</strong></span> <span class='ocrx_word' id='word_1_182' title='bbox 963 3582 1076 3643; x_wconf 89' lang='lat' dir='ltr'><strong>citatus</strong></span> <span class='ocrx_word' id='word_1_183' title='bbox 1098 3600 1164 3643; x_wconf 91' lang='lat' dir='ltr'><strong>non</strong></span> <span class='ocrx_word' id='word_1_184' title='bbox 1189 3582 1378 3664; x_wconf 90' lang='lat' dir='ltr'><strong>comparuit.</strong></span> 
     </span>
    </p>

    <p class='ocr_par' dir='ltr' id='par_1_19' title="bbox 363 3686 1346 3770">
     <span class='ocr_line' id='line_1_32' title="bbox 363 3686 1346 3770; baseline 0.001 -23"><span class='ocrx_word' id='word_1_185' title='bbox 363 3686 441 3748; x_wconf 91' lang='lat' dir='ltr'><strong>Item</strong></span> <span class='ocrx_word' id='word_1_186' title='bbox 467 3687 544 3748; x_wconf 90' lang='lat' dir='ltr'><strong>Iuan</strong></span> <span class='ocrx_word' id='word_1_187' title='bbox 569 3701 678 3749; x_wconf 90' lang='lat' dir='ltr'><strong>contra</strong></span> <span class='ocrx_word' id='word_1_188' title='bbox 701 3688 889 3769; x_wconf 88' lang='lat' dir='ltr'><strong>Dragonam</strong></span> <span class='ocrx_word' id='word_1_189' title='bbox 912 3701 1025 3749; x_wconf 89' lang='lat' dir='ltr'><strong>octavo</strong></span> <span class='ocrx_word' id='word_1_190' title='bbox 1049 3687 1101 3749; x_wconf 85' lang='lat' dir='ltr'><strong>dle</strong></span> <span class='ocrx_word' id='word_1_191' title='bbox 1125 3688 1346 3770; x_wconf 88' lang='lat' dir='ltr'><strong>respondebit.</strong></span> 
     </span>
    </p>

    <p class='ocr_par' dir='ltr' id='par_1_20' title="bbox 256 3792 1522 4067">
     <span class='ocr_line' id='line_1_33' title="bbox 361 3792 1521 3876; baseline 0 -22"><span class='ocrx_word' id='word_1_192' title='bbox 361 3793 440 3854; x_wconf 90' lang='lat' dir='ltr'><strong>Item</strong></span> <span class='ocrx_word' id='word_1_193' title='bbox 465 3813 515 3854; x_wconf 90' lang='lat' dir='ltr'><strong>ser</strong></span> <span class='ocrx_word' id='word_1_194' title='bbox 538 3794 730 3855; x_wconf 87' lang='lat' dir='ltr'><strong>Benedictus</strong></span> <span class='ocrx_word' id='word_1_195' title='bbox 753 3814 810 3876; x_wconf 90' lang='lat' dir='ltr'><strong>per</strong></span> <span class='ocrx_word' id='word_1_196' title='bbox 834 3794 1016 3871; x_wconf 91' lang='lat' dir='ltr'><strong>Micusium,</strong></span> <span class='ocrx_word' id='word_1_197' title='bbox 1040 3793 1176 3855; x_wconf 89' lang='lat' dir='ltr'><strong>Paulum</strong></span> <span class='ocrx_word' id='word_1_198' title='bbox 1203 3793 1386 3856; x_wconf 89' lang='lat' dir='ltr'><strong>carnificem</strong></span> <span class='ocrx_word' id='word_1_199' title='bbox 1410 3806 1441 3854; x_wconf 92' lang='lat' dir='ltr'><strong>et</strong></span> <span class='ocrx_word' id='word_1_200' title='bbox 1458 3792 1521 3854; x_wconf 88' lang='lat' dir='ltr'><strong>Da-</strong></span> 
     </span>
     <span class='ocr_line' id='line_1_34' title="bbox 256 3897 1522 3981; baseline -0.001 -22"><span class='ocrx_word' id='word_1_201' title='bbox 256 3918 410 3981; x_wconf 89' lang='lat' dir='ltr'><strong>myanum</strong></span> <span class='ocrx_word' id='word_1_202' title='bbox 436 3900 584 3962; x_wconf 90' lang='lat' dir='ltr'><strong>atestabit</strong></span> <span class='ocrx_word' id='word_1_203' title='bbox 607 3913 721 3963; x_wconf 92' lang='lat' dir='ltr'><strong>octavo</strong></span> <span class='ocrx_word' id='word_1_204' title='bbox 746 3900 798 3961; x_wconf 92' lang='lat' dir='ltr'><strong>die</strong></span> <span class='ocrx_word' id='word_1_205' title='bbox 822 3899 911 3981; x_wconf 92' lang='lat' dir='ltr'><strong>quod</strong></span> <span class='ocrx_word' id='word_1_206' title='bbox 934 3919 1027 3960; x_wconf 89' lang='lat' dir='ltr'><strong>suum</strong></span> <span class='ocrx_word' id='word_1_207' title='bbox 1059 3897 1253 3961; x_wconf 83' lang='lat' dir='ltr'><strong>familiarem</strong></span> <span class='ocrx_word' id='word_1_208' title='bbox 1286 3898 1428 3960; x_wconf 89' lang='lat' dir='ltr'><strong>Bedicha</strong></span> <span class='ocrx_word' id='word_1_209' title='bbox 1453 3916 1522 3959; x_wconf 91' lang='lat' dir='ltr'><strong>ver-</strong></span> 
     </span>
     <span class='ocr_line' id='line_1_35' title="bbox 256 4006 406 4067; baseline 0.007 -1"><span class='ocrx_word' id='word_1_210' title='bbox 256 4006 406 4067; x_wconf 90' lang='lat' dir='ltr'><strong>berasset.</strong></span> 
     </span>
    </p>

    <p class='ocr_par' dir='ltr' id='par_1_21' title="bbox 256 4109 1522 4300">
     <span class='ocr_line' id='line_1_36' title="bbox 364 4109 1522 4196; baseline -0.002 -24"><span class='ocrx_word' id='word_1_211' title='bbox 364 4112 442 4174; x_wconf 89' lang='lat' dir='ltr'><strong>Item</strong></span> <span class='ocrx_word' id='word_1_212' title='bbox 479 4111 625 4196; x_wconf 90' lang='lat' dir='ltr'><strong>Mychael</strong></span> <span class='ocrx_word' id='word_1_213' title='bbox 662 4127 771 4174; x_wconf 90' lang='lat' dir='ltr'><strong>contra</strong></span> <span class='ocrx_word' id='word_1_214' title='bbox 807 4110 914 4173; x_wconf 87' lang='lat' dir='ltr'><strong>Mathe</strong></span> <span class='ocrx_word' id='word_1_215' title='bbox 955 4130 1091 4193; x_wconf 90' lang='lat' dir='ltr'><strong>puerum</strong></span> <span class='ocrx_word' id='word_1_216' title='bbox 1128 4109 1270 4173; x_wconf 87' lang='lat' dir='ltr'><strong>secundo</strong></span> <span class='ocrx_word' id='word_1_217' title='bbox 1305 4112 1420 4173; x_wconf 88' lang='lat' dir='ltr'><strong>citatus</strong></span> <span class='ocrx_word' id='word_1_218' title='bbox 1456 4128 1522 4171; x_wconf 91' lang='lat' dir='ltr'><strong>non</strong></span> 
     </span>
     <span class='ocr_line' id='line_1_37' title="bbox 256 4218 447 4300; baseline 0.01 -20"><span class='ocrx_word' id='word_1_219' title='bbox 256 4218 447 4300; x_wconf 90' lang='lat' dir='ltr'><strong>comparuit.</strong></span> 
     </span>
    </p>

    <p class='ocr_par' dir='ltr' id='par_1_22' title="bbox 256 4320 1523 4510">
     <span class='ocr_line' id='line_1_38' title="bbox 363 4320 1523 4406; baseline 0 -22"><span class='ocrx_word' id='word_1_220' title='bbox 363 4323 443 4385; x_wconf 91' lang='lat' dir='ltr'><strong>Item</strong></span> <span class='ocrx_word' id='word_1_221' title='bbox 459 4323 611 4385; x_wconf 87' lang='lat' dir='ltr'><strong>Nicolaus</strong></span> <span class='ocrx_word' id='word_1_222' title='bbox 635 4323 810 4385; x_wconf 88' lang='lat' dir='ltr'><strong>Benedicto</strong></span> <span class='ocrx_word' id='word_1_223' title='bbox 835 4322 1025 4406; x_wconf 90' lang='lat' dir='ltr'><strong>Mosuarych</strong></span> <span class='ocrx_word' id='word_1_224' title='bbox 1057 4321 1137 4385; x_wconf 89' lang='lat' dir='ltr'><strong>duas</strong></span> <span class='ocrx_word' id='word_1_225' title='bbox 1169 4342 1291 4384; x_wconf 89' lang='lat' dir='ltr'><strong>marcas</strong></span> <span class='ocrx_word' id='word_1_226' title='bbox 1314 4342 1389 4384; x_wconf 93' lang='lat' dir='ltr'><strong>cum</strong></span> <span class='ocrx_word' id='word_1_227' title='bbox 1415 4320 1523 4384; x_wconf 88' lang='lat' dir='ltr'><strong>media</strong></span> 
     </span>
     <span class='ocr_line' id='line_1_39' title="bbox 256 4428 938 4510; baseline 0.004 -22"><span class='ocrx_word' id='word_1_228' title='bbox 256 4430 421 4510; x_wconf 88' lang='lat' dir='ltr'><strong>persolvet</strong></span> <span class='ocrx_word' id='word_1_229' title='bbox 445 4442 476 4490; x_wconf 92' lang='lat' dir='ltr'><strong>et</strong></span> <span class='ocrx_word' id='word_1_230' title='bbox 499 4428 596 4510; x_wconf 80' lang='lat' dir='ltr'><strong>judici</strong></span> <span class='ocrx_word' id='word_1_231' title='bbox 620 4429 760 4490; x_wconf 88' lang='lat' dir='ltr'><strong>mediam</strong></span> <span class='ocrx_word' id='word_1_232' title='bbox 787 4448 938 4491; x_wconf 89' lang='lat' dir='ltr'><strong>marcam.</strong></span> 
     </span>
    </p>

    <p class='ocr_par' dir='ltr' id='par_1_23' title="bbox 256 4533 1526 4809">
     <span class='ocr_line' id='line_1_40' title="bbox 363 4533 1522 4616; baseline 0.002 -22"><span class='ocrx_word' id='word_1_233' title='bbox 363 4533 441 4595; x_wconf 94' lang='lat' dir='ltr'><strong>Item</strong></span> <span class='ocrx_word' id='word_1_234' title='bbox 467 4534 607 4596; x_wconf 90' lang='lat' dir='ltr'><strong>Bedicha</strong></span> <span class='ocrx_word' id='word_1_235' title='bbox 631 4533 770 4595; x_wconf 86' lang='lat' dir='ltr'><strong>carnifex</strong></span> <span class='ocrx_word' id='word_1_236' title='bbox 795 4553 851 4616; x_wconf 93' lang='lat' dir='ltr'><strong>per</strong></span> <span class='ocrx_word' id='word_1_237' title='bbox 875 4534 1021 4613; x_wconf 86' lang='lat' dir='ltr'><strong>Paulum,</strong></span> <span class='ocrx_word' id='word_1_238' title='bbox 1040 4533 1221 4616; x_wconf 88' lang='lat' dir='ltr'><strong>Georgium</strong></span> <span class='ocrx_word' id='word_1_239' title='bbox 1246 4548 1277 4596; x_wconf 94' lang='lat' dir='ltr'><strong>et</strong></span> <span class='ocrx_word' id='word_1_240' title='bbox 1300 4533 1433 4596; x_wconf 89' lang='lat' dir='ltr'><strong>Mathek</strong></span> <span class='ocrx_word' id='word_1_241' title='bbox 1456 4547 1522 4596; x_wconf 90' lang='lat' dir='ltr'><strong>ate·</strong></span> 
     </span>
     <span class='ocr_line' id='line_1_41' title="bbox 256 4636 1526 4721; baseline 0.001 -21"><span class='ocrx_word' id='word_1_242' title='bbox 256 4638 361 4717; x_wconf 85' lang='lat' dir='ltr'><strong>stabit,</strong></span> <span class='ocrx_word' id='word_1_243' title='bbox 393 4639 482 4720; x_wconf 93' lang='lat' dir='ltr'><strong>quod</strong></span> <span class='ocrx_word' id='word_1_244' title='bbox 514 4639 666 4700; x_wconf 88' lang='lat' dir='ltr'><strong>Nicolaus</strong></span> <span class='ocrx_word' id='word_1_245' title='bbox 699 4636 838 4700; x_wconf 83' lang='lat' dir='ltr'><strong>carnifex</strong></span> <span class='ocrx_word' id='word_1_246' title='bbox 869 4657 964 4721; x_wconf 88' lang='lat' dir='ltr'><strong>super</strong></span> <span class='ocrx_word' id='word_1_247' title='bbox 993 4658 1086 4701; x_wconf 90' lang='lat' dir='ltr'><strong>suum</strong></span> <span class='ocrx_word' id='word_1_248' title='bbox 1121 4639 1293 4702; x_wconf 87' lang='lat' dir='ltr'><strong>macellum</strong></span> <span class='ocrx_word' id='word_1_249' title='bbox 1326 4639 1470 4703; x_wconf 84' lang='lat' dir='ltr'><strong>itruisset</strong></span> <span class='ocrx_word' id='word_1_250' title='bbox 1492 4651 1526 4701; x_wconf 88' lang='lat' dir='ltr'><strong>et</strong></span> 
     </span>
     <span class='ocr_line' id='line_1_42' title="bbox 256 4742 1052 4809; baseline 0.004 -4"><span class='ocrx_word' id='word_1_251' title='bbox 256 4742 469 4806; x_wconf 88' lang='lat' dir='ltr'><strong>Benedictum</strong></span> <span class='ocrx_word' id='word_1_252' title='bbox 494 4743 674 4806; x_wconf 89' lang='lat' dir='ltr'><strong>carnificem</strong></span> <span class='ocrx_word' id='word_1_253' title='bbox 698 4743 821 4806; x_wconf 90' lang='lat' dir='ltr'><strong>ibidem</strong></span> <span class='ocrx_word' id='word_1_254' title='bbox 843 4743 1052 4809; x_wconf 87' lang='lat' dir='ltr'><strong>vulnerasset.</strong></span> 
     </span>
    </p>
   </div>
   <div class='ocr_carea' id='block_1_3' title="bbox 0 0 1740 5234">
    <p class='ocr_par' dir='ltr' id='par_1_24' title="bbox 0 0 1740 5234">
     <span class='ocr_line' id='line_1_43' title="bbox 0 0 1740 5234; baseline 0 1"><span class='ocrx_word' id='word_1_255' title='bbox 0 0 1740 5234; x_wconf 95' lang='lat' dir='ltr'><strong> </strong></span> 
     </span>
    </p>
   </div>
  </div>
 </body>
</html>
