<?xml version="1.0" encoding="UTF-8"?>
<!DOCTYPE html PUBLIC "-//W3C//DTD XHTML 1.0 Transitional//EN"
    "http://www.w3.org/TR/xhtml1/DTD/xhtml1-transitional.dtd">
<html xmlns="http://www.w3.org/1999/xhtml" xml:lang="en" lang="en">
 <head>
  <title>
</title>
<meta http-equiv="Content-Type" content="text/html;charset=utf-8" />
  <meta name='ocr-system' content='tesseract 3.04.00' />
  <meta name='ocr-capabilities' content='ocr_page ocr_carea ocr_par ocr_line ocrx_word'/>
</head>
<body>
  <div class='ocr_page' id='page_1' title='image "./monumentahistor09laszgoog/monumentahistor09laszgoog_0094.png"; bbox 0 0 3472 5234; ppageno 0'>
   <div class='ocr_carea' id='block_1_1' title="bbox 260 322 1531 4835">
    <p class='ocr_par' dir='ltr' id='par_1_1' title="bbox 260 322 1116 402">
     <span class='ocr_line' id='line_1_1' title="bbox 260 322 1116 402; baseline 0 -17"><span class='ocrx_word' id='word_1_1' title='bbox 260 325 302 402; x_wconf 85' lang='lat'><strong>48</strong></span> <span class='ocrx_word' id='word_1_2' title='bbox 687 327 772 383; x_wconf 84' lang='lat' dir='ltr'><strong>Anno</strong></span> <span class='ocrx_word' id='word_1_3' title='bbox 795 322 884 402; x_wconf 79' lang='lat'><strong>1376.</strong></span> <span class='ocrx_word' id='word_1_4' title='bbox 909 360 952 370; x_wconf 87' lang='lat'>-</span> <span class='ocrx_word' id='word_1_5' title='bbox 975 322 1006 386; x_wconf 83' lang='grc' dir='ltr'><strong>ό.</strong></span> <span class='ocrx_word' id='word_1_6' title='bbox 1022 327 1116 401; x_wconf 82' lang='lat' dir='ltr'><strong>junii.</strong></span> 
     </span>
    </p>

    <p class='ocr_par' dir='ltr' id='par_1_2' title="bbox 265 534 1529 724">
     <span class='ocr_line' id='line_1_2' title="bbox 372 534 1529 619; baseline 0 -23"><span class='ocrx_word' id='word_1_7' title='bbox 372 534 451 596; x_wconf 90' lang='lat' dir='ltr'><strong>ltem</strong></span> <span class='ocrx_word' id='word_1_8' title='bbox 476 556 570 597; x_wconf 89' lang='lat' dir='ltr'><strong>causa</strong></span> <span class='ocrx_word' id='word_1_9' title='bbox 594 535 750 597; x_wconf 90' lang='lat' dir='ltr'><strong>Anthonii</strong></span> <span class='ocrx_word' id='word_1_10' title='bbox 774 535 891 597; x_wconf 90' lang='lat' dir='ltr'><strong>sutoris</strong></span> <span class='ocrx_word' id='word_1_11' title='bbox 915 550 946 599; x_wconf 90' lang='lat' dir='ltr'><strong>et</strong></span> <span class='ocrx_word' id='word_1_12' title='bbox 963 535 1112 617; x_wconf 91' lang='lat' dir='ltr'><strong>Chupine</strong></span> <span class='ocrx_word' id='word_1_13' title='bbox 1136 551 1182 598; x_wconf 92' lang='lat' dir='ltr'><strong>est</strong></span> <span class='ocrx_word' id='word_1_14' title='bbox 1197 556 1254 619; x_wconf 92' lang='lat' dir='ltr'><strong>per</strong></span> <span class='ocrx_word' id='word_1_15' title='bbox 1278 535 1412 619; x_wconf 84' lang='lat' dir='ltr'><strong>Henryh</strong></span> <span class='ocrx_word' id='word_1_16' title='bbox 1436 535 1529 618; x_wconf 92' lang='lat' dir='ltr'><strong>pelli·</strong></span> 
     </span>
     <span class='ocr_line' id='line_1_3' title="bbox 265 638 974 724; baseline 0 -23"><span class='ocrx_word' id='word_1_17' title='bbox 265 638 357 701; x_wconf 89' lang='lat' dir='ltr'><strong>ficem</strong></span> <span class='ocrx_word' id='word_1_18' title='bbox 383 641 422 702; x_wconf 93' lang='lat' dir='ltr'><strong>ad</strong></span> <span class='ocrx_word' id='word_1_19' title='bbox 447 656 520 703; x_wconf 88' lang='lat' dir='ltr'><strong>octo</strong></span> <span class='ocrx_word' id='word_1_20' title='bbox 545 641 613 704; x_wconf 90' lang='lat' dir='ltr'><strong>dies</strong></span> <span class='ocrx_word' id='word_1_21' title='bbox 636 655 764 723; x_wconf 89' lang='lat' dir='ltr'><strong>recepta</strong></span> <span class='ocrx_word' id='word_1_22' title='bbox 788 641 828 702; x_wconf 91' lang='lat' dir='ltr'><strong>ad</strong></span> <span class='ocrx_word' id='word_1_23' title='bbox 851 659 974 724; x_wconf 85' lang='lat' dir='ltr'><strong>pacem.</strong></span> 
     </span>
    </p>

    <p class='ocr_par' dir='ltr' id='par_1_3' title="bbox 263 744 1530 933">
     <span class='ocr_line' id='line_1_4' title="bbox 369 744 1530 829; baseline -0.001 -22"><span class='ocrx_word' id='word_1_24' title='bbox 369 746 447 808; x_wconf 84' lang='lat' dir='ltr'>Item</span> <span class='ocrx_word' id='word_1_25' title='bbox 473 747 585 808; x_wconf 75' lang='lat' dir='ltr'><strong>Marito</strong></span> <span class='ocrx_word' id='word_1_26' title='bbox 610 745 733 808; x_wconf 90' lang='lat' dir='ltr'><strong>Gemez</strong></span> <span class='ocrx_word' id='word_1_27' title='bbox 765 759 875 808; x_wconf 91' lang='lat' dir='ltr'><strong>contra</strong></span> <span class='ocrx_word' id='word_1_28' title='bbox 907 744 1084 826; x_wconf 84' lang='lat' dir='ltr'>Georgium</span> <span class='ocrx_word' id='word_1_29' title='bbox 1118 745 1220 808; x_wconf 89' lang='lat' dir='ltr'><strong>filium</strong></span> <span class='ocrx_word' id='word_1_30' title='bbox 1245 746 1400 808; x_wconf 88' lang='lat' dir='ltr'><strong>Hermani</strong></span> <span class='ocrx_word' id='word_1_31' title='bbox 1424 745 1530 829; x_wconf 91' lang='lat' dir='ltr'><strong>primo</strong></span> 
     </span>
     <span class='ocr_line' id='line_1_5' title="bbox 263 851 687 933; baseline -0.007 -19"><span class='ocrx_word' id='word_1_32' title='bbox 263 853 377 914; x_wconf 89' lang='lat' dir='ltr'><strong>citatus</strong></span> <span class='ocrx_word' id='word_1_33' title='bbox 401 871 466 913; x_wconf 89' lang='lat' dir='ltr'><strong>non</strong></span> <span class='ocrx_word' id='word_1_34' title='bbox 496 851 687 933; x_wconf 85' lang='lat' dir='ltr'><strong>comparuit.</strong></span> 
     </span>
    </p>

    <p class='ocr_par' dir='ltr' id='par_1_4' title="bbox 264 954 1530 1231">
     <span class='ocr_line' id='line_1_6' title="bbox 369 954 1529 1037; baseline -0.002 -19"><span class='ocrx_word' id='word_1_35' title='bbox 369 957 448 1018; x_wconf 90' lang='lat' dir='ltr'><strong>Item</strong></span> <span class='ocrx_word' id='word_1_36' title='bbox 473 955 654 1018; x_wconf 90' lang='lat' dir='ltr'><strong>Marchicha</strong></span> <span class='ocrx_word' id='word_1_37' title='bbox 672 956 789 1017; x_wconf 90' lang='lat' dir='ltr'><strong>mulier</strong></span> <span class='ocrx_word' id='word_1_38' title='bbox 813 975 870 1037; x_wconf 91' lang='lat' dir='ltr'><strong>per</strong></span> <span class='ocrx_word' id='word_1_39' title='bbox 894 974 1026 1016; x_wconf 85' lang='lat' dir='ltr'><strong>uxorem</strong></span> <span class='ocrx_word' id='word_1_40' title='bbox 1044 954 1192 1034; x_wconf 84' lang='lat' dir='ltr'><strong>Zwechk‚</strong></span> <span class='ocrx_word' id='word_1_41' title='bbox 1218 955 1374 1018; x_wconf 90' lang='lat' dir='ltr'><strong>Jakouam</strong></span> <span class='ocrx_word' id='word_1_42' title='bbox 1392 968 1422 1017; x_wconf 87' lang='lat' dir='ltr'><strong>et</strong></span> <span class='ocrx_word' id='word_1_43' title='bbox 1438 974 1529 1017; x_wconf 87' lang='lat' dir='ltr'><strong>suam</strong></span> 
     </span>
     <span class='ocr_line' id='line_1_7' title="bbox 265 1060 1530 1143; baseline -0.003 -18"><span class='ocrx_word' id='word_1_44' title='bbox 265 1076 400 1125; x_wconf 88' lang='lat' dir='ltr'><strong>matrem</strong></span> <span class='ocrx_word' id='word_1_45' title='bbox 424 1061 582 1140; x_wconf 86' lang='lat' dir='ltr'><strong>atestabit,</strong></span> <span class='ocrx_word' id='word_1_46' title='bbox 607 1061 695 1142; x_wconf 93' lang='lat' dir='ltr'><strong>quod</strong></span> <span class='ocrx_word' id='word_1_47' title='bbox 720 1061 787 1143; x_wconf 89' lang='lat' dir='ltr'><strong>ipsa</strong></span> <span class='ocrx_word' id='word_1_48' title='bbox 817 1080 911 1122; x_wconf 86' lang='lat' dir='ltr'><strong>suum</strong></span> <span class='ocrx_word' id='word_1_49' title='bbox 943 1061 1120 1122; x_wconf 85' lang='lat' dir='ltr'><strong>linteamen</strong></span> <span class='ocrx_word' id='word_1_50' title='bbox 1145 1062 1177 1122; x_wconf 90' lang='lat' dir='ltr'><strong>in</strong></span> <span class='ocrx_word' id='word_1_51' title='bbox 1209 1061 1307 1123; x_wconf 88' lang='lat' dir='ltr'><strong>domo</strong></span> <span class='ocrx_word' id='word_1_52' title='bbox 1332 1061 1458 1123; x_wconf 89' lang='lat' dir='ltr'><strong>Nicolai</strong></span> <span class='ocrx_word' id='word_1_53' title='bbox 1482 1060 1530 1122; x_wconf 91' lang='lat' dir='ltr'><strong>in·</strong></span> 
     </span>
     <span class='ocr_line' id='line_1_8' title="bbox 264 1169 416 1231; baseline 0.013 -3"><span class='ocrx_word' id='word_1_54' title='bbox 264 1169 416 1231; x_wconf 87' lang='lat' dir='ltr'><strong>venisset.</strong></span> 
     </span>
    </p>

    <p class='ocr_par' dir='ltr' id='par_1_5' title="bbox 266 1270 1531 1462">
     <span class='ocr_line' id='line_1_9' title="bbox 371 1270 1531 1353; baseline -0.003 -18"><span class='ocrx_word' id='word_1_55' title='bbox 371 1275 450 1337; x_wconf 90' lang='lat' dir='ltr'><strong>Item</strong></span> <span class='ocrx_word' id='word_1_56' title='bbox 474 1293 569 1335; x_wconf 89' lang='lat' dir='ltr'><strong>causa</strong></span> <span class='ocrx_word' id='word_1_57' title='bbox 601 1273 699 1334; x_wconf 89' lang='lat' dir='ltr'><strong>Marci</strong></span> <span class='ocrx_word' id='word_1_58' title='bbox 724 1286 756 1334; x_wconf 92' lang='lat' dir='ltr'><strong>et</strong></span> <span class='ocrx_word' id='word_1_59' title='bbox 787 1272 962 1335; x_wconf 84' lang='lat' dir='ltr'><strong>Alexandri</strong></span> <span class='ocrx_word' id='word_1_60' title='bbox 994 1285 1041 1333; x_wconf 88' lang='lat' dir='ltr'><strong>est</strong></span> <span class='ocrx_word' id='word_1_61' title='bbox 1070 1291 1126 1353; x_wconf 91' lang='lat' dir='ltr'><strong>per</strong></span> <span class='ocrx_word' id='word_1_62' title='bbox 1157 1271 1339 1353; x_wconf 87' lang='lat' dir='ltr'><strong>judicesad</strong></span> <span class='ocrx_word' id='word_1_63' title='bbox 1365 1284 1438 1333; x_wconf 90' lang='lat' dir='ltr'><strong>octo</strong></span> <span class='ocrx_word' id='word_1_64' title='bbox 1462 1270 1531 1333; x_wconf 86' lang='lat' dir='ltr'><strong>dies</strong></span> 
     </span>
     <span class='ocr_line' id='line_1_10' title="bbox 266 1380 650 1462; baseline -0.008 -20"><span class='ocrx_word' id='word_1_65' title='bbox 266 1380 306 1442; x_wconf 93' lang='lat' dir='ltr'><strong>ad</strong></span> <span class='ocrx_word' id='word_1_66' title='bbox 331 1400 443 1462; x_wconf 87' lang='lat' dir='ltr'><strong>pacem</strong></span> <span class='ocrx_word' id='word_1_67' title='bbox 467 1392 650 1462; x_wconf 83' lang='lat' dir='ltr'><strong>prorogata.</strong></span> 
     </span>
    </p>

    <p class='ocr_par' dir='ltr' id='par_1_6' title="bbox 266 1481 1529 1672">
     <span class='ocr_line' id='line_1_11' title="bbox 370 1481 1529 1566; baseline -0.001 -21"><span class='ocrx_word' id='word_1_68' title='bbox 370 1485 448 1547; x_wconf 89' lang='lat' dir='ltr'><strong>item</strong></span> <span class='ocrx_word' id='word_1_69' title='bbox 473 1484 618 1546; x_wconf 85' lang='lat' dir='ltr'><strong>Andreas</strong></span> <span class='ocrx_word' id='word_1_70' title='bbox 642 1485 682 1546; x_wconf 89' lang='lat' dir='ltr'><strong>de</strong></span> <span class='ocrx_word' id='word_1_71' title='bbox 707 1482 784 1545; x_wconf 92' lang='lat' dir='ltr'><strong>Gari</strong></span> <span class='ocrx_word' id='word_1_72' title='bbox 813 1495 923 1545; x_wconf 90' lang='lat' dir='ltr'><strong>contra</strong></span> <span class='ocrx_word' id='word_1_73' title='bbox 957 1481 1133 1564; x_wconf 83' lang='lat' dir='ltr'><strong>Georgium</strong></span> <span class='ocrx_word' id='word_1_74' title='bbox 1166 1483 1399 1565; x_wconf 90' lang='lat' dir='ltr'><strong>carpentarium</strong></span> <span class='ocrx_word' id='word_1_75' title='bbox 1424 1483 1529 1566; x_wconf 92' lang='lat' dir='ltr'><strong>primo</strong></span> 
     </span>
     <span class='ocr_line' id='line_1_12' title="bbox 266 1591 683 1672; baseline -0.005 -19"><span class='ocrx_word' id='word_1_76' title='bbox 266 1591 381 1653; x_wconf 89' lang='lat' dir='ltr'><strong>citatus</strong></span> <span class='ocrx_word' id='word_1_77' title='bbox 405 1610 470 1652; x_wconf 93' lang='lat' dir='ltr'><strong>non</strong></span> <span class='ocrx_word' id='word_1_78' title='bbox 494 1591 683 1672; x_wconf 88' lang='lat' dir='ltr'><strong>comparuit.</strong></span> 
     </span>
    </p>

    <p class='ocr_par' dir='ltr' id='par_1_7' title="bbox 264 1692 1530 1884">
     <span class='ocr_line' id='line_1_13' title="bbox 370 1692 1530 1779; baseline -0.001 -21"><span class='ocrx_word' id='word_1_79' title='bbox 370 1696 447 1758; x_wconf 88' lang='lat' dir='ltr'><strong>ltem</strong></span> <span class='ocrx_word' id='word_1_80' title='bbox 481 1716 575 1758; x_wconf 90' lang='lat' dir='ltr'><strong>causa</strong></span> <span class='ocrx_word' id='word_1_81' title='bbox 607 1695 684 1757; x_wconf 89' lang='lat' dir='ltr'><strong>luan</strong></span> <span class='ocrx_word' id='word_1_82' title='bbox 709 1707 740 1757; x_wconf 92' lang='lat' dir='ltr'><strong>et</strong></span> <span class='ocrx_word' id='word_1_83' title='bbox 772 1692 925 1776; x_wconf 83' lang='lat' dir='ltr'><strong>Gyurgelr</strong></span> <span class='ocrx_word' id='word_1_84' title='bbox 958 1707 1005 1755; x_wconf 89' lang='lat' dir='ltr'><strong>est</strong></span> <span class='ocrx_word' id='word_1_85' title='bbox 1032 1713 1088 1776; x_wconf 90' lang='lat' dir='ltr'><strong>per</strong></span> <span class='ocrx_word' id='word_1_86' title='bbox 1119 1694 1321 1757; x_wconf 81' lang='lat' dir='ltr'><strong>Anthonium</strong></span> <span class='ocrx_word' id='word_1_87' title='bbox 1344 1696 1457 1779; x_wconf 87' lang='lat' dir='ltr'><strong>Renyz</strong></span> <span class='ocrx_word' id='word_1_88' title='bbox 1488 1695 1530 1757; x_wconf 89' lang='lat' dir='ltr'><strong>ad</strong></span> 
     </span>
     <span class='ocr_line' id='line_1_14' title="bbox 264 1801 790 1884; baseline -0.01 -18"><span class='ocrx_word' id='word_1_89' title='bbox 264 1818 337 1866; x_wconf 93' lang='lat' dir='ltr'><strong>octo</strong></span> <span class='ocrx_word' id='word_1_90' title='bbox 361 1803 429 1864; x_wconf 87' lang='lat' dir='ltr'><strong>dies</strong></span> <span class='ocrx_word' id='word_1_91' title='bbox 453 1814 579 1884; x_wconf 91' lang='lat' dir='ltr'><strong>recepta</strong></span> <span class='ocrx_word' id='word_1_92' title='bbox 603 1801 643 1863; x_wconf 91' lang='lat' dir='ltr'><strong>ad</strong></span> <span class='ocrx_word' id='word_1_93' title='bbox 667 1819 790 1883; x_wconf 83' lang='lat' dir='ltr'><strong>pacem.</strong></span> 
     </span>
    </p>

    <p class='ocr_par' dir='ltr' id='par_1_8' title="bbox 266 1904 1530 2096">
     <span class='ocr_line' id='line_1_15' title="bbox 370 1904 1530 1990; baseline -0.002 -20"><span class='ocrx_word' id='word_1_94' title='bbox 370 1908 448 1970; x_wconf 88' lang='lat' dir='ltr'><strong>Item</strong></span> <span class='ocrx_word' id='word_1_95' title='bbox 464 1908 618 1969; x_wconf 87' lang='lat' dir='ltr'><strong>Nicolaus</strong></span> <span class='ocrx_word' id='word_1_96' title='bbox 642 1907 682 1968; x_wconf 90' lang='lat' dir='ltr'><strong>de</strong></span> <span class='ocrx_word' id='word_1_97' title='bbox 699 1904 856 1988; x_wconf 91' lang='lat' dir='ltr'><strong>Lypouch</strong></span> <span class='ocrx_word' id='word_1_98' title='bbox 872 1918 981 1967; x_wconf 91' lang='lat' dir='ltr'><strong>contra</strong></span> <span class='ocrx_word' id='word_1_99' title='bbox 1004 1905 1142 1967; x_wconf 89' lang='lat' dir='ltr'><strong>Paulum</strong></span> <span class='ocrx_word' id='word_1_100' title='bbox 1160 1907 1270 1989; x_wconf 90' lang='lat' dir='ltr'><strong>Kypar</strong></span> <span class='ocrx_word' id='word_1_101' title='bbox 1285 1907 1390 1990; x_wconf 92' lang='lat' dir='ltr'><strong>primo</strong></span> <span class='ocrx_word' id='word_1_102' title='bbox 1415 1906 1530 1970; x_wconf 88' lang='lat' dir='ltr'><strong>citatus</strong></span> 
     </span>
     <span class='ocr_line' id='line_1_16' title="bbox 266 2014 545 2096; baseline -0.007 -19"><span class='ocrx_word' id='word_1_103' title='bbox 266 2035 331 2077; x_wconf 92' lang='lat' dir='ltr'><strong>non</strong></span> <span class='ocrx_word' id='word_1_104' title='bbox 357 2014 545 2096; x_wconf 86' lang='lat' dir='ltr'><strong>comparuit.</strong></span> 
     </span>
    </p>

    <p class='ocr_par' dir='ltr' id='par_1_9' title="bbox 265 2116 1529 2306">
     <span class='ocr_line' id='line_1_17' title="bbox 372 2116 1529 2199; baseline -0.003 -18"><span class='ocrx_word' id='word_1_105' title='bbox 372 2120 451 2181; x_wconf 90' lang='lat' dir='ltr'><strong>Item</strong></span> <span class='ocrx_word' id='word_1_106' title='bbox 475 2139 570 2180; x_wconf 89' lang='lat' dir='ltr'><strong>causa</strong></span> <span class='ocrx_word' id='word_1_107' title='bbox 594 2118 722 2180; x_wconf 88' lang='lat' dir='ltr'><strong>Thome</strong></span> <span class='ocrx_word' id='word_1_108' title='bbox 747 2116 898 2180; x_wconf 81' lang='lat' dir='ltr'><strong>aurifabri</strong></span> <span class='ocrx_word' id='word_1_109' title='bbox 923 2129 953 2178; x_wconf 87' lang='lat' dir='ltr'><strong>et</strong></span> <span class='ocrx_word' id='word_1_110' title='bbox 977 2116 1105 2179; x_wconf 89' lang='lat' dir='ltr'><strong>Andree</strong></span> <span class='ocrx_word' id='word_1_111' title='bbox 1123 2130 1169 2180; x_wconf 84' lang='lat' dir='ltr'><strong>est</strong></span> <span class='ocrx_word' id='word_1_112' title='bbox 1188 2136 1245 2199; x_wconf 90' lang='lat' dir='ltr'><strong>per</strong></span> <span class='ocrx_word' id='word_1_113' title='bbox 1268 2117 1471 2180; x_wconf 89' lang='lat' dir='ltr'><strong>Clementem</strong></span> <span class='ocrx_word' id='word_1_114' title='bbox 1489 2117 1529 2180; x_wconf 90' lang='lat' dir='ltr'><strong>ad</strong></span> 
     </span>
     <span class='ocr_line' id='line_1_18' title="bbox 265 2224 792 2306; baseline -0.002 -19"><span class='ocrx_word' id='word_1_115' title='bbox 265 2240 339 2288; x_wconf 93' lang='lat' dir='ltr'><strong>octo</strong></span> <span class='ocrx_word' id='word_1_116' title='bbox 363 2226 432 2287; x_wconf 88' lang='lat' dir='ltr'><strong>dies</strong></span> <span class='ocrx_word' id='word_1_117' title='bbox 456 2237 582 2306; x_wconf 88' lang='lat' dir='ltr'><strong>recepta</strong></span> <span class='ocrx_word' id='word_1_118' title='bbox 607 2224 646 2285; x_wconf 90' lang='lat' dir='ltr'><strong>ad</strong></span> <span class='ocrx_word' id='word_1_119' title='bbox 670 2244 792 2306; x_wconf 91' lang='lat' dir='ltr'><strong>pacem.</strong></span> 
     </span>
    </p>

    <p class='ocr_par' dir='ltr' id='par_1_10' title="bbox 266 2327 1528 2519">
     <span class='ocr_line' id='line_1_19' title="bbox 370 2327 1528 2410; baseline -0.003 -18"><span class='ocrx_word' id='word_1_120' title='bbox 370 2331 449 2392; x_wconf 87' lang='lat' dir='ltr'><strong>item</strong></span> <span class='ocrx_word' id='word_1_121' title='bbox 474 2330 576 2392; x_wconf 89' lang='lat' dir='ltr'><strong>Cursa</strong></span> <span class='ocrx_word' id='word_1_122' title='bbox 601 2329 840 2391; x_wconf 88' lang='lat' dir='ltr'><strong>molendinator</strong></span> <span class='ocrx_word' id='word_1_123' title='bbox 863 2341 973 2390; x_wconf 87' lang='lat' dir='ltr'><strong>contra</strong></span> <span class='ocrx_word' id='word_1_124' title='bbox 994 2327 1156 2389; x_wconf 88' lang='lat' dir='ltr'><strong>Vidonem</strong></span> <span class='ocrx_word' id='word_1_125' title='bbox 1180 2328 1285 2410; x_wconf 92' lang='lat' dir='ltr'><strong>primo</strong></span> <span class='ocrx_word' id='word_1_126' title='bbox 1316 2329 1430 2391; x_wconf 91' lang='lat' dir='ltr'><strong>citatus</strong></span> <span class='ocrx_word' id='word_1_127' title='bbox 1462 2347 1528 2390; x_wconf 88' lang='lat' dir='ltr'><strong>non</strong></span> 
     </span>
     <span class='ocr_line' id='line_1_20' title="bbox 266 2437 457 2519; baseline -0.016 -19"><span class='ocrx_word' id='word_1_128' title='bbox 266 2437 457 2519; x_wconf 89' lang='lat' dir='ltr'><strong>comparuit.</strong></span> 
     </span>
    </p>

    <p class='ocr_par' dir='ltr' id='par_1_11' title="bbox 265 2538 1527 2730">
     <span class='ocr_line' id='line_1_21' title="bbox 370 2538 1527 2623; baseline -0.003 -18"><span class='ocrx_word' id='word_1_129' title='bbox 370 2543 448 2605; x_wconf 90' lang='lat' dir='ltr'><strong>Item</strong></span> <span class='ocrx_word' id='word_1_130' title='bbox 473 2562 565 2603; x_wconf 88' lang='lat' dir='ltr'><strong>causa</strong></span> <span class='ocrx_word' id='word_1_131' title='bbox 584 2541 783 2623; x_wconf 86' lang='lat' dir='ltr'><strong>Margarethe</strong></span> <span class='ocrx_word' id='word_1_132' title='bbox 800 2554 831 2601; x_wconf 91' lang='lat' dir='ltr'><strong>et</strong></span> <span class='ocrx_word' id='word_1_133' title='bbox 855 2539 969 2602; x_wconf 90' lang='lat' dir='ltr'><strong>Gracie</strong></span> <span class='ocrx_word' id='word_1_134' title='bbox 1001 2553 1047 2601; x_wconf 87' lang='lat' dir='ltr'><strong>est</strong></span> <span class='ocrx_word' id='word_1_135' title='bbox 1070 2559 1127 2621; x_wconf 92' lang='lat' dir='ltr'><strong>per</strong></span> <span class='ocrx_word' id='word_1_136' title='bbox 1144 2539 1306 2601; x_wconf 89' lang='lat' dir='ltr'><strong>Thomam</strong></span> <span class='ocrx_word' id='word_1_137' title='bbox 1330 2538 1527 2622; x_wconf 82' lang='lat' dir='ltr'><strong>ireniparum</strong></span> 
     </span>
     <span class='ocr_line' id='line_1_22' title="bbox 265 2647 857 2730; baseline -0.003 -19"><span class='ocrx_word' id='word_1_138' title='bbox 265 2649 305 2711; x_wconf 91' lang='lat' dir='ltr'><strong>ad</strong></span> <span class='ocrx_word' id='word_1_139' title='bbox 329 2661 402 2710; x_wconf 94' lang='lat' dir='ltr'><strong>octo</strong></span> <span class='ocrx_word' id='word_1_140' title='bbox 428 2648 495 2709; x_wconf 90' lang='lat' dir='ltr'><strong>dies</strong></span> <span class='ocrx_word' id='word_1_141' title='bbox 519 2663 646 2730; x_wconf 86' lang='lat' dir='ltr'><strong>recepta</strong></span> <span class='ocrx_word' id='word_1_142' title='bbox 670 2647 710 2708; x_wconf 94' lang='lat' dir='ltr'><strong>ad</strong></span> <span class='ocrx_word' id='word_1_143' title='bbox 733 2666 857 2729; x_wconf 90' lang='lat' dir='ltr'><strong>pacem.</strong></span> 
     </span>
    </p>

    <p class='ocr_par' dir='ltr' id='par_1_12' title="bbox 371 2751 1527 2833">
     <span class='ocr_line' id='line_1_23' title="bbox 371 2751 1527 2833; baseline -0.003 -17"><span class='ocrx_word' id='word_1_144' title='bbox 371 2756 447 2816; x_wconf 90' lang='lat' dir='ltr'><strong>ltem</strong></span> <span class='ocrx_word' id='word_1_145' title='bbox 473 2754 549 2816; x_wconf 87' lang='lat' dir='ltr'><strong>Sara</strong></span> <span class='ocrx_word' id='word_1_146' title='bbox 574 2767 686 2815; x_wconf 89' lang='lat' dir='ltr'><strong>contra</strong></span> <span class='ocrx_word' id='word_1_147' title='bbox 709 2752 928 2814; x_wconf 85' lang='lat' dir='ltr'><strong>Alexandrum</strong></span> <span class='ocrx_word' id='word_1_148' title='bbox 954 2752 1095 2813; x_wconf 89' lang='lat' dir='ltr'><strong>secundo</strong></span> <span class='ocrx_word' id='word_1_149' title='bbox 1120 2751 1233 2812; x_wconf 89' lang='lat' dir='ltr'><strong>citatus</strong></span> <span class='ocrx_word' id='word_1_150' title='bbox 1251 2769 1316 2811; x_wconf 93' lang='lat' dir='ltr'><strong>non</strong></span> <span class='ocrx_word' id='word_1_151' title='bbox 1337 2752 1527 2833; x_wconf 88' lang='lat' dir='ltr'><strong>comparuit.</strong></span> 
     </span>
    </p>

    <p class='ocr_par' dir='ltr' id='par_1_13' title="bbox 265 2856 1528 3052">
     <span class='ocr_line' id='line_1_24' title="bbox 369 2856 1528 2942; baseline -0.004 -19"><span class='ocrx_word' id='word_1_152' title='bbox 369 2862 448 2923; x_wconf 87' lang='lat' dir='ltr'><strong>item</strong></span> <span class='ocrx_word' id='word_1_153' title='bbox 473 2860 611 2942; x_wconf 85' lang='lat' dir='ltr'><strong>Mykech</strong></span> <span class='ocrx_word' id='word_1_154' title='bbox 634 2872 735 2920; x_wconf 87' lang='lat' dir='ltr'><strong>sartor</strong></span> <span class='ocrx_word' id='word_1_155' title='bbox 759 2872 868 2920; x_wconf 89' lang='lat' dir='ltr'><strong>contra</strong></span> <span class='ocrx_word' id='word_1_156' title='bbox 893 2858 1056 2919; x_wconf 89' lang='lat' dir='ltr'><strong>Andream</strong></span> <span class='ocrx_word' id='word_1_157' title='bbox 1086 2870 1240 2917; x_wconf 90' lang='lat' dir='ltr'><strong>sartorem</strong></span> <span class='ocrx_word' id='word_1_158' title='bbox 1264 2868 1377 2918; x_wconf 90' lang='lat' dir='ltr'><strong>octavo</strong></span> <span class='ocrx_word' id='word_1_159' title='bbox 1402 2856 1454 2918; x_wconf 95' lang='lat' dir='ltr'><strong>die</strong></span> <span class='ocrx_word' id='word_1_160' title='bbox 1478 2876 1528 2918; x_wconf 89' lang='lat' dir='ltr'><strong>re·</strong></span> 
     </span>
     <span class='ocr_line' id='line_1_25' title="bbox 265 2967 446 3052; baseline -0.006 -21"><span class='ocrx_word' id='word_1_161' title='bbox 265 2967 446 3052; x_wconf 92' lang='lat' dir='ltr'><strong>spondebit.</strong></span> 
     </span>
    </p>

    <p class='ocr_par' dir='ltr' id='par_1_14' title="bbox 266 3067 1528 3260">
     <span class='ocr_line' id='line_1_26' title="bbox 370 3067 1528 3153; baseline -0.003 -20"><span class='ocrx_word' id='word_1_162' title='bbox 370 3073 447 3133; x_wconf 86' lang='lat' dir='ltr'><strong>Item</strong></span> <span class='ocrx_word' id='word_1_163' title='bbox 479 3070 605 3153; x_wconf 90' lang='lat' dir='ltr'><strong>Woryh</strong></span> <span class='ocrx_word' id='word_1_164' title='bbox 637 3070 753 3151; x_wconf 84' lang='lat' dir='ltr'><strong>figulus</strong></span> <span class='ocrx_word' id='word_1_165' title='bbox 796 3082 905 3130; x_wconf 92' lang='lat' dir='ltr'><strong>contra</strong></span> <span class='ocrx_word' id='word_1_166' title='bbox 939 3068 1137 3150; x_wconf 89' lang='lat' dir='ltr'><strong>Stephanum</strong></span> <span class='ocrx_word' id='word_1_167' title='bbox 1172 3067 1277 3149; x_wconf 92' lang='lat' dir='ltr'><strong>primo</strong></span> <span class='ocrx_word' id='word_1_168' title='bbox 1318 3067 1431 3129; x_wconf 89' lang='lat' dir='ltr'><strong>citatus</strong></span> <span class='ocrx_word' id='word_1_169' title='bbox 1462 3087 1528 3130; x_wconf 91' lang='lat' dir='ltr'><strong>uon</strong></span> 
     </span>
     <span class='ocr_line' id='line_1_27' title="bbox 266 3178 454 3260; baseline 0 -22"><span class='ocrx_word' id='word_1_170' title='bbox 266 3178 454 3260; x_wconf 89' lang='lat' dir='ltr'><strong>comparuit.</strong></span> 
     </span>
    </p>

    <p class='ocr_par' dir='ltr' id='par_1_15' title="bbox 266 3278 1523 3470">
     <span class='ocr_line' id='line_1_28' title="bbox 370 3278 1523 3361; baseline -0.003 -18"><span class='ocrx_word' id='word_1_171' title='bbox 370 3283 448 3344; x_wconf 89' lang='lat' dir='ltr'><strong>Item</strong></span> <span class='ocrx_word' id='word_1_172' title='bbox 472 3280 580 3343; x_wconf 88' lang='lat' dir='ltr'><strong>Mathe</strong></span> <span class='ocrx_word' id='word_1_173' title='bbox 603 3295 691 3342; x_wconf 88' lang='lat' dir='ltr'><strong>sutor</strong></span> <span class='ocrx_word' id='word_1_174' title='bbox 708 3293 816 3342; x_wconf 90' lang='lat' dir='ltr'><strong>contra</strong></span> <span class='ocrx_word' id='word_1_175' title='bbox 835 3280 997 3341; x_wconf 88' lang='lat' dir='ltr'><strong>Thomam</strong></span> <span class='ocrx_word' id='word_1_176' title='bbox 1015 3278 1212 3361; x_wconf 87' lang='lat' dir='ltr'><strong>lreniparum</strong></span> <span class='ocrx_word' id='word_1_177' title='bbox 1242 3278 1383 3340; x_wconf 91' lang='lat' dir='ltr'><strong>secundo</strong></span> <span class='ocrx_word' id='word_1_178' title='bbox 1407 3279 1523 3340; x_wconf 90' lang='lat' dir='ltr'><strong>citatus</strong></span> 
     </span>
     <span class='ocr_line' id='line_1_29' title="bbox 266 3389 545 3470; baseline 0 -21"><span class='ocrx_word' id='word_1_179' title='bbox 266 3409 331 3450; x_wconf 92' lang='lat' dir='ltr'><strong>non</strong></span> <span class='ocrx_word' id='word_1_180' title='bbox 356 3389 545 3470; x_wconf 89' lang='lat' dir='ltr'><strong>comparuit.</strong></span> 
     </span>
    </p>

    <p class='ocr_par' dir='ltr' id='par_1_16' title="bbox 370 3490 1527 3571">
     <span class='ocr_line' id='line_1_30' title="bbox 370 3490 1527 3571; baseline -0.002 -17"><span class='ocrx_word' id='word_1_181' title='bbox 370 3490 1527 3571; x_wconf 85' lang='lat' dir='ltr'><strong>ltemClemensfabercontraKaukamsecundocitatusnoncomparuit.</strong></span> 
     </span>
    </p>

    <p class='ocr_par' dir='ltr' id='par_1_17' title="bbox 265 3592 1527 3766">
     <span class='ocr_line' id='line_1_31' title="bbox 373 3592 1527 3677; baseline -0.002 -18"><span class='ocrx_word' id='word_1_182' title='bbox 373 3598 449 3659; x_wconf 86' lang='lat' dir='ltr'><strong>Item</strong></span> <span class='ocrx_word' id='word_1_183' title='bbox 474 3597 657 3659; x_wconf 89' lang='lat' dir='ltr'><strong>Anthonius</strong></span> <span class='ocrx_word' id='word_1_184' title='bbox 689 3597 818 3658; x_wconf 88' lang='lat' dir='ltr'><strong>Thome</strong></span> <span class='ocrx_word' id='word_1_185' title='bbox 850 3597 882 3657; x_wconf 92' lang='lat' dir='ltr'><strong>in</strong></span> <span class='ocrx_word' id='word_1_186' title='bbox 914 3595 1086 3677; x_wconf 88' lang='lat' dir='ltr'><strong>quindenis</strong></span> <span class='ocrx_word' id='word_1_187' title='bbox 1119 3595 1197 3656; x_wconf 90' lang='lat' dir='ltr'><strong>duas</strong></span> <span class='ocrx_word' id='word_1_188' title='bbox 1229 3614 1349 3655; x_wconf 89' lang='lat' dir='ltr'><strong>marcas</strong></span> <span class='ocrx_word' id='word_1_189' title='bbox 1373 3607 1404 3655; x_wconf 94' lang='lat' dir='ltr'><strong>et</strong></span> <span class='ocrx_word' id='word_1_190' title='bbox 1426 3592 1527 3674; x_wconf 86' lang='lat' dir='ltr'><strong>judici</strong></span> 
     </span>
     <span class='ocr_line' id='line_1_32' title="bbox 265 3703 566 3766; baseline -0.003 -1"><span class='ocrx_word' id='word_1_191' title='bbox 265 3705 406 3766; x_wconf 92' lang='lat' dir='ltr'><strong>mediam</strong></span> <span class='ocrx_word' id='word_1_192' title='bbox 430 3703 566 3765; x_wconf 78' lang='lat' dir='ltr'><strong>exolvat.</strong></span> 
     </span>
    </p>

    <p class='ocr_par' dir='ltr' id='par_1_18' title="bbox 266 3804 1527 3998">
     <span class='ocr_line' id='line_1_33' title="bbox 371 3804 1527 3887; baseline -0.002 -17"><span class='ocrx_word' id='word_1_193' title='bbox 371 3810 449 3870; x_wconf 89' lang='lat' dir='ltr'><strong>Item</strong></span> <span class='ocrx_word' id='word_1_194' title='bbox 474 3828 553 3870; x_wconf 83' lang='lat' dir='ltr'><strong>uxor</strong></span> <span class='ocrx_word' id='word_1_195' title='bbox 576 3807 748 3869; x_wconf 82' lang='lat' dir='ltr'><strong>Alexandri</strong></span> <span class='ocrx_word' id='word_1_196' title='bbox 773 3821 887 3869; x_wconf 91' lang='lat' dir='ltr'><strong>octavo</strong></span> <span class='ocrx_word' id='word_1_197' title='bbox 911 3807 963 3867; x_wconf 89' lang='lat' dir='ltr'><strong>die</strong></span> <span class='ocrx_word' id='word_1_198' title='bbox 988 3825 1021 3867; x_wconf 91' lang='lat' dir='ltr'><strong>se</strong></span> <span class='ocrx_word' id='word_1_199' title='bbox 1043 3805 1140 3868; x_wconf 91' lang='lat' dir='ltr'><strong>tercia</strong></span> <span class='ocrx_word' id='word_1_200' title='bbox 1164 3804 1281 3887; x_wconf 91' lang='lat' dir='ltr'><strong>jurabit</strong></span> <span class='ocrx_word' id='word_1_201' title='bbox 1304 3804 1337 3865; x_wconf 91' lang='lat' dir='ltr'><strong>iu</strong></span> <span class='ocrx_word' id='word_1_202' title='bbox 1362 3825 1412 3884; x_wconf 86' lang='grc' dir='ltr'><strong>εο,</strong></span> <span class='ocrx_word' id='word_1_203' title='bbox 1437 3805 1527 3887; x_wconf 94' lang='lat' dir='ltr'><strong>quod</strong></span> 
     </span>
     <span class='ocr_line' id='line_1_34' title="bbox 266 3911 1197 3998; baseline -0.004 -21"><span class='ocrx_word' id='word_1_204' title='bbox 266 3916 333 3998; x_wconf 89' lang='lat' dir='ltr'><strong>ipsa</strong></span> <span class='ocrx_word' id='word_1_205' title='bbox 358 3913 524 3977; x_wconf 90' lang='lat' dir='ltr'><strong>Elizabeth</strong></span> <span class='ocrx_word' id='word_1_206' title='bbox 548 3914 715 3975; x_wconf 90' lang='lat' dir='ltr'><strong>mulierem</strong></span> <span class='ocrx_word' id='word_1_207' title='bbox 740 3912 932 3996; x_wconf 91' lang='lat' dir='ltr'><strong>captivando</strong></span> <span class='ocrx_word' id='word_1_208' title='bbox 956 3932 1021 3973; x_wconf 93' lang='lat' dir='ltr'><strong>non</strong></span> <span class='ocrx_word' id='word_1_209' title='bbox 1047 3911 1197 3974; x_wconf 85' lang='lat' dir='ltr'><strong>duxisset.</strong></span> 
     </span>
    </p>

    <p class='ocr_par' dir='ltr' id='par_1_19' title="bbox 267 4016 1528 4208">
     <span class='ocr_line' id='line_1_35' title="bbox 371 4016 1528 4099; baseline -0.001 -19"><span class='ocrx_word' id='word_1_210' title='bbox 371 4020 450 4082; x_wconf 87' lang='lat' dir='ltr'><strong>item</strong></span> <span class='ocrx_word' id='word_1_211' title='bbox 475 4020 620 4082; x_wconf 87' lang='lat' dir='ltr'><strong>Thomas</strong></span> <span class='ocrx_word' id='word_1_212' title='bbox 644 4034 757 4081; x_wconf 91' lang='lat' dir='ltr'><strong>octavo</strong></span> <span class='ocrx_word' id='word_1_213' title='bbox 793 4020 845 4080; x_wconf 92' lang='lat' dir='ltr'><strong>die</strong></span> <span class='ocrx_word' id='word_1_214' title='bbox 869 4038 902 4079; x_wconf 92' lang='lat' dir='ltr'><strong>se</strong></span> <span class='ocrx_word' id='word_1_215' title='bbox 935 4031 1040 4079; x_wconf 84' lang='lat' dir='ltr'><strong>sextus</strong></span> <span class='ocrx_word' id='word_1_216' title='bbox 1068 4016 1185 4096; x_wconf 82' lang='lat' dir='ltr'><strong>jurabit</strong></span> <span class='ocrx_word' id='word_1_217' title='bbox 1214 4016 1246 4076; x_wconf 94' lang='lat' dir='ltr'><strong>in</strong></span> <span class='ocrx_word' id='word_1_218' title='bbox 1272 4034 1321 4094; x_wconf 89' lang='lat' dir='ltr'><strong>e0,</strong></span> <span class='ocrx_word' id='word_1_219' title='bbox 1346 4016 1435 4097; x_wconf 92' lang='lat' dir='ltr'><strong>quod</strong></span> <span class='ocrx_word' id='word_1_220' title='bbox 1460 4017 1528 4099; x_wconf 88' lang='lat' dir='ltr'><strong>ipse</strong></span> 
     </span>
     <span class='ocr_line' id='line_1_36' title="bbox 267 4123 1329 4208; baseline -0.006 -20"><span class='ocrx_word' id='word_1_221' title='bbox 267 4126 429 4208; x_wconf 88' lang='lat' dir='ltr'><strong>quendam</strong></span> <span class='ocrx_word' id='word_1_222' title='bbox 453 4127 569 4188; x_wconf 90' lang='lat' dir='ltr'><strong>bovem</strong></span> <span class='ocrx_word' id='word_1_223' title='bbox 594 4125 749 4187; x_wconf 89' lang='lat' dir='ltr'><strong>Johannis</strong></span> <span class='ocrx_word' id='word_1_224' title='bbox 772 4126 872 4187; x_wconf 87' lang='lat' dir='ltr'><strong>Vosas</strong></span> <span class='ocrx_word' id='word_1_225' title='bbox 896 4123 1014 4184; x_wconf 82' lang='lat' dir='ltr'><strong>furtive</strong></span> <span class='ocrx_word' id='word_1_226' title='bbox 1039 4142 1103 4183; x_wconf 92' lang='lat' dir='ltr'><strong>non</strong></span> <span class='ocrx_word' id='word_1_227' title='bbox 1129 4135 1329 4202; x_wconf 84' lang='lat' dir='ltr'><strong>asportasset.</strong></span> 
     </span>
    </p>

    <p class='ocr_par' dir='ltr' id='par_1_20' title="bbox 267 4226 1528 4419">
     <span class='ocr_line' id='line_1_37' title="bbox 372 4226 1528 4309; baseline -0.003 -16"><span class='ocrx_word' id='word_1_228' title='bbox 372 4232 450 4293; x_wconf 90' lang='lat' dir='ltr'><strong>Item</strong></span> <span class='ocrx_word' id='word_1_229' title='bbox 475 4232 665 4293; x_wconf 86' lang='lat' dir='ltr'><strong>Valentinus</strong></span> <span class='ocrx_word' id='word_1_230' title='bbox 688 4246 802 4292; x_wconf 91' lang='lat' dir='ltr'><strong>octavo</strong></span> <span class='ocrx_word' id='word_1_231' title='bbox 833 4231 885 4291; x_wconf 94' lang='lat' dir='ltr'><strong>die</strong></span> <span class='ocrx_word' id='word_1_232' title='bbox 909 4250 942 4290; x_wconf 91' lang='lat' dir='ltr'><strong>se</strong></span> <span class='ocrx_word' id='word_1_233' title='bbox 973 4228 1133 4289; x_wconf 90' lang='lat' dir='ltr'><strong>secundus</strong></span> <span class='ocrx_word' id='word_1_234' title='bbox 1164 4226 1282 4308; x_wconf 87' lang='lat' dir='ltr'><strong>jurabit</strong></span> <span class='ocrx_word' id='word_1_235' title='bbox 1306 4227 1337 4287; x_wconf 92' lang='lat' dir='ltr'><strong>in</strong></span> <span class='ocrx_word' id='word_1_236' title='bbox 1363 4244 1413 4305; x_wconf 91' lang='lat' dir='ltr'><strong>eo,</strong></span> <span class='ocrx_word' id='word_1_237' title='bbox 1438 4227 1528 4309; x_wconf 94' lang='lat' dir='ltr'><strong>quod</strong></span> 
     </span>
     <span class='ocr_line' id='line_1_38' title="bbox 267 4337 756 4419; baseline 0.002 -21"><span class='ocrx_word' id='word_1_238' title='bbox 267 4339 371 4419; x_wconf 89' lang='lat' dir='ltr'><strong>ipsum</strong></span> <span class='ocrx_word' id='word_1_239' title='bbox 396 4339 508 4399; x_wconf 87' lang='lat' dir='ltr'><strong>Marko</strong></span> <span class='ocrx_word' id='word_1_240' title='bbox 534 4337 756 4399; x_wconf 90' lang='lat' dir='ltr'><strong>verberaverit.</strong></span> 
     </span>
    </p>

    <p class='ocr_par' dir='ltr' id='par_1_21' title="bbox 267 4438 1529 4716">
     <span class='ocr_line' id='line_1_39' title="bbox 373 4438 1528 4524; baseline -0.002 -20"><span class='ocrx_word' id='word_1_241' title='bbox 373 4443 451 4504; x_wconf 90' lang='lat' dir='ltr'><strong>ltem</strong></span> <span class='ocrx_word' id='word_1_242' title='bbox 474 4442 605 4504; x_wconf 90' lang='lat' dir='ltr'><strong>domina</strong></span> <span class='ocrx_word' id='word_1_243' title='bbox 629 4443 739 4504; x_wconf 88' lang='lat' dir='ltr'><strong>Betres</strong></span> <span class='ocrx_word' id='word_1_244' title='bbox 761 4454 832 4524; x_wconf 86' lang='lat' dir='ltr'><strong>post</strong></span> <span class='ocrx_word' id='word_1_245' title='bbox 860 4459 950 4502; x_wconf 90' lang='lat' dir='ltr'><strong>suam</strong></span> <span class='ocrx_word' id='word_1_246' title='bbox 968 4438 1205 4500; x_wconf 90' lang='lat' dir='ltr'><strong>resanacionem</strong></span> <span class='ocrx_word' id='word_1_247' title='bbox 1230 4450 1340 4498; x_wconf 90' lang='lat' dir='ltr'><strong>contra</strong></span> <span class='ocrx_word' id='word_1_248' title='bbox 1364 4438 1528 4502; x_wconf 90' lang='lat' dir='ltr'><strong>Thomam</strong></span> 
     </span>
     <span class='ocr_line' id='line_1_40' title="bbox 267 4541 1529 4630; baseline 0.002 -25"><span class='ocrx_word' id='word_1_249' title='bbox 267 4543 370 4607; x_wconf 90' lang='lat' dir='ltr'><strong>filium</strong></span> <span class='ocrx_word' id='word_1_250' title='bbox 396 4548 522 4609; x_wconf 90' lang='lat' dir='ltr'><strong>Nicolai</strong></span> <span class='ocrx_word' id='word_1_251' title='bbox 546 4547 698 4609; x_wconf 86' lang='lat' dir='ltr'><strong>aurifabri</strong></span> <span class='ocrx_word' id='word_1_252' title='bbox 723 4560 854 4630; x_wconf 91' lang='lat' dir='ltr'><strong>propter</strong></span> <span class='ocrx_word' id='word_1_253' title='bbox 885 4548 1048 4627; x_wconf 89' lang='lat' dir='ltr'><strong>quandam</strong></span> <span class='ocrx_word' id='word_1_254' title='bbox 1078 4557 1194 4605; x_wconf 91' lang='lat' dir='ltr'><strong>terram</strong></span> <span class='ocrx_word' id='word_1_255' title='bbox 1219 4541 1373 4604; x_wconf 90' lang='lat' dir='ltr'><strong>arabilem</strong></span> <span class='ocrx_word' id='word_1_256' title='bbox 1396 4563 1529 4626; x_wconf 89' lang='lat' dir='ltr'><strong>respon·</strong></span> 
     </span>
     <span class='ocr_line' id='line_1_41' title="bbox 267 4650 579 4716; baseline 0.013 -4"><span class='ocrx_word' id='word_1_257' title='bbox 267 4650 357 4713; x_wconf 91' lang='lat' dir='ltr'><strong>debit</strong></span> <span class='ocrx_word' id='word_1_258' title='bbox 379 4652 431 4714; x_wconf 90' lang='lat' dir='ltr'><strong>die</strong></span> <span class='ocrx_word' id='word_1_259' title='bbox 455 4666 579 4716; x_wconf 88' lang='lat' dir='ltr'><strong>octavo.</strong></span> 
     </span>
    </p>

    <p class='ocr_par' dir='ltr' id='par_1_22' title="bbox 373 4753 1528 4835">
     <span class='ocr_line' id='line_1_42' title="bbox 373 4753 1528 4835; baseline 0.001 -18"><span class='ocrx_word' id='word_1_260' title='bbox 373 4756 450 4820; x_wconf 92' lang='lat' dir='ltr'><strong>ltem</strong></span> <span class='ocrx_word' id='word_1_261' title='bbox 465 4757 543 4820; x_wconf 90' lang='lat' dir='ltr'><strong>luan</strong></span> <span class='ocrx_word' id='word_1_262' title='bbox 555 4757 640 4820; x_wconf 88' lang='lat' dir='ltr'><strong>filius</strong></span> <span class='ocrx_word' id='word_1_263' title='bbox 653 4758 779 4820; x_wconf 89' lang='lat' dir='ltr'><strong>Petreui</strong></span> <span class='ocrx_word' id='word_1_264' title='bbox 792 4771 838 4820; x_wconf 89' lang='lat' dir='ltr'><strong>est</strong></span> <span class='ocrx_word' id='word_1_265' title='bbox 849 4757 1015 4820; x_wconf 86' lang='lat' dir='ltr'><strong>convictus</strong></span> <span class='ocrx_word' id='word_1_266' title='bbox 1027 4755 1061 4817; x_wconf 93' lang='lat' dir='ltr'><strong>in</strong></span> <span class='ocrx_word' id='word_1_267' title='bbox 1077 4753 1178 4815; x_wconf 90' lang='lat' dir='ltr'><strong>tribus</strong></span> <span class='ocrx_word' id='word_1_268' title='bbox 1189 4753 1297 4835; x_wconf 89' lang='lat' dir='ltr'><strong>pensis</strong></span> <span class='ocrx_word' id='word_1_269' title='bbox 1309 4753 1528 4818; x_wconf 87' lang='lat' dir='ltr'><strong>denariorum.</strong></span> 
     </span>
    </p>
   </div>
   <div class='ocr_carea' id='block_1_2' title="bbox 0 0 1741 5234">
    <p class='ocr_par' dir='ltr' id='par_1_23' title="bbox 0 0 1741 5234">
     <span class='ocr_line' id='line_1_43' title="bbox 0 0 1741 5234; baseline 0 0"><span class='ocrx_word' id='word_1_270' title='bbox 0 0 1741 5234; x_wconf 95' lang='lat' dir='ltr'><strong> </strong></span> 
     </span>
    </p>
   </div>
  </div>
 </body>
</html>
