3472 5234
636 332 835 411 Ann01378.
859 368 900 378 -
925 349 954 396 2.
980 337 1093 408 aprilis.
1440 358 1498 420 117

345 546 423 608 Item
447 545 659 627 Vydkouicha
676 559 707 607 et
723 565 803 606 uxor
819 544 982 626 Kora(r)di
1006 546 1138 607 textoris
1155 560 1264 608 contra
1281 548 1376 610 Kone
1392 548 1498 630 primo

236 652 329 714 citate
354 670 420 713 non
448 663 707 732 comparuerunt.

340 758 418 820 Item
450 757 603 819 dominus
634 758 781 819 Donatus
812 757 916 840 primo
948 757 1062 818 citatus
1092 771 1204 820 contra
1232 758 1411 840 Georgium
1434 780 1498 822 sar-

233 878 336 927 torem
362 884 426 926 non
451 864 641 947 comparuit.

339 970 419 1033 Item
443 970 531 1031 Luca
555 983 666 1031 contra
690 969 868 1050 Georgium
892 982 1047 1031 sartorem
1071 983 1184 1031 octavo
1209 969 1262 1032 die
1279 970 1499 1053 respondebit.

340 1075 418 1139 Item
441 1076 595 1137 Nicolaus
618 1088 727 1137 contra
746 1074 916 1136 Radenum
933 1074 1076 1136 secundo
1092 1075 1206 1137 citatus
1221 1096 1287 1137 non
1305 1077 1497 1159 comparuit.

343 1182 420 1244 item
437 1181 635 1243 Wikouicha
659 1194 768 1243 contra
787 1182 972 1261 magistrum
992 1180 1170 1263 Georgium
1192 1196 1347 1244 sartorem
1371 1195 1402 1243 et
1419 1181 1499 1245 Gre-

234 1287 363 1370 gorium
387 1287 494 1369 primo
518 1287 611 1348 citata
636 1305 701 1348 non
726 1287 915 1368 comparuit.

341 1410 419 1471 Item
443 1408 580 1471 Mathias
597 1412 740 1492 oroznyk
758 1423 867 1472 contra
885 1409 1063 1494 Georgium
1081 1428 1112 1473 et
1130 1410 1324 1493 Gregorium
1340 1411 1500 1493 predictos

235 1515 340 1598 primo
365 1515 478 1577 citatus
501 1534 567 1576 non
595 1516 784 1597 comparuit.

342 1619 420 1681 Item
444 1619 641 1681 Wlkouicha
674 1633 706 1682 et
737 1619 897 1703 Georgius
928 1636 1038 1684 contra
1063 1622 1242 1684 Johannem
1275 1623 1381 1704 primo
1413 1622 1499 1683 citati

237 1744 302 1787 non
331 1738 591 1807 comparuerunt.

339 1847 443 1911 Nota!
468 1848 557 1930 quod
580 1868 666 1910 anno
691 1848 815 1910 domini
832 1849 1006 1912 millesimo
1023 1851 1246 1913 tercentesimo
1263 1850 1499 1934 septuagesimo

235 1969 349 2018 octavo
374 1954 550 2035 Gregorius
573 1975 684 2016 voscar
699 1955 921 2017 commissarius
942 1955 1098 2018 Anthonii
1116 1957 1277 2035 Plathnar,
1302 1956 1417 2018 domos
1433 1954 1499 2017 filie

235 2083 291 2151 sue¹
316 2062 509 2145 Magdalena
534 2074 645 2124 vocate
669 2082 727 2144 pro
744 2075 867 2143 septem
883 2063 998 2124 marcis
1022 2062 1230 2126 denariorum
1247 2063 1402 2141 vendidit,
1420 2081 1500 2144 quas

233 2188 291 2250 pro
316 2168 429 2230 eadem
448 2169 666 2246 conservabat,
684 2181 715 2229 et
730 2168 822 2230 annis
838 2169 974 2249 singulis
991 2189 1093 2250 usque
1111 2169 1151 2231 ad
1172 2170 1364 2251 legittimam
1381 2182 1499 2230 etatem

234 2275 333 2357 ipsius
357 2275 465 2356 puelle
497 2274 625 2336 racione
656 2274 736 2335 lucri
770 2294 868 2336 unam
900 2295 1040 2337 marcam
1074 2275 1180 2338 eidem
1212 2277 1319 2358 puelle
1345 2275 1420 2337 dare
1445 2276 1500 2337 de·

234 2381 323 2443 bebit
345 2381 413 2442 sine
438 2394 533 2445 sorte.

338 2502 419 2565 Item
444 2503 618 2585 Dyonisius
642 2515 757 2564 octavo
782 2502 834 2564 die
855 2517 964 2564 contra
989 2503 1165 2566 Martinum
1181 2524 1214 2566 se
1239 2503 1413 2565 duodecim
1430 2523 1500 2585 per·

234 2609 321 2669 sonis
345 2607 463 2688 jurabit
487 2610 519 2669 in
544 2628 594 2686 eo,
619 2607 707 2690 quod
732 2608 798 2690 ipse
822 2629 895 2670 suas
919 2609 999 2670 duas
1031 2628 1154 2671 marcas
1177 2629 1243 2671 non
1268 2608 1431 2671 furaverit.

340 2714 418 2776 item
444 2734 538 2776 causa
562 2714 702 2797 Philippi
721 2729 751 2776 et
775 2714 851 2776 luan
877 2729 924 2777 est
940 2735 997 2797 per
1012 2715 1153 2795 judicem
1177 2715 1218 2777 ad
1242 2729 1317 2778 octo
1342 2716 1410 2777 dies
1426 2735 1499 2798 pro·

233 2834 343 2901 rogata
367 2820 408 2881 ad
432 2839 554 2902 pacem.

340 2925 418 2987 Item
444 2925 610 2987 Emericus
634 2925 800 3007 privignus
827 2926 966 2989 Plauech
999 2928 1076 2989 iuan
1101 2939 1215 2989 octavo
1247 2926 1299 2988 die
1323 2925 1440 3008 jurabit
1464 2946 1497 2989 se

231 3030 347 3092 tercius
372 3031 404 3092 in
429 3051 478 3109 eo,
503 3031 591 3112 quod
616 3031 683 3113 ipse
708 3031 810 3093 furem
834 3052 967 3094 suorum
984 3034 1105 3095 bovum
1129 3034 1229 3095 nescit
1253 3052 1311 3094 nec
1335 3051 1409 3094 cum
1427 3033 1498 3114 ipso

233 3133 302 3198 fure
327 3156 393 3198 non
417 3138 670 3200 concordaverit.

341 3260 418 3321 Item
444 3259 606 3322 Johannes
630 3260 793 3322 Chemerii
822 3262 923 3323 Paulo
956 3262 1112 3343 Chaplich
1145 3277 1200 3326 aut
1230 3263 1405 3343 terragium
1438 3263 1499 3325 sibi

235 3366 347 3428 reddat
370 3380 425 3428 aut
447 3380 563 3429 terram
588 3368 728 3448 assignet
751 3369 959 3445 moliticianr;
984 3369 1052 3451 ipse
1075 3382 1182 3430 autem
1208 3370 1369 3431 Johannes
1393 3368 1496 3450 ipsam

234 3492 361 3534 causam
386 3474 561 3555 appellavit
585 3475 625 3535 ad
649 3473 772 3555 judices
796 3475 956 3556 antiquos.

340 3579 418 3641 Item
444 3600 537 3641 causa
563 3581 696 3662 Georgii
728 3593 758 3642 et
789 3580 945 3643 Anthonii
977 3582 1099 3643 Jursich
1125 3595 1172 3644 est
1202 3601 1260 3664 per
1283 3581 1424 3663 judicem
1456 3583 1496 3644 ad

234 3698 306 3746 octo
332 3684 400 3746 dies
424 3700 595 3767 prorogata
620 3686 659 3748 ad
680 3707 803 3768 pacem.

342 3809 420 3871 item
445 3811 520 3891 quia
555 3810 651 3872 Clara
683 3810 800 3872 mulier
829 3810 966 3872 condam
998 3831 1078 3873 uxor
1103 3811 1268 3873 Benedicti
1300 3812 1410 3889 Pazar,
1435 3832 1497 3893 qua

233 3915 335 3976 eciam
359 3928 394 3975 ut
418 3915 567 3976 asseritur
592 3916 696 3996 ipsum
721 3915 868 3978 occidere
884 3930 1095 3998 procurasset,
1118 3916 1159 3978 ad
1178 3917 1294 3978 trinam
1318 3917 1496 3999 proclama·

233 4020 360 4082 cionem
386 4019 545 4082 forensem
569 4022 609 4082 ad
622 4021 767 4102 justicam
793 4022 900 4082 venire
924 4041 990 4083 non
1013 4023 1145 4100 curavit,
1170 4042 1274 4103 neque
1300 4023 1386 4084 misit
1409 4036 1444 4085 ut
1467 4042 1499 4083 se

233 4125 272 4188 de
296 4127 459 4208 premissis
483 4141 683 4210 expurgaret,
708 4126 909 4189 decrevimus
931 4127 1037 4208 igitur,
1062 4142 1097 4190 ut
1121 4128 1306 4209 ubicunque
1332 4128 1363 4189 in
1381 4129 1498 4189 nostris

232 4233 352 4294 tenutis
376 4233 415 4294 de
442 4246 547 4294 cetero
573 4234 701 4295 inventa
727 4232 832 4311 fuerit,
864 4233 1040 4294 secundum
1066 4233 1116 4314 jus
1139 4234 1274 4295 civitatis
1300 4247 1407 4295 nostre
1431 4232 1499 4294 vin-

235 4338 319 4400 dicta
344 4338 384 4400 de
409 4340 476 4420 ipsa
504 4352 714 4421 sumpmatur.

339 4462 417 4524 item
436 4463 635 4525 decrevimus
652 4462 879 4544 adjudicando,
896 4463 984 4544 quod
1002 4464 1149 4545 Filippus
1165 4461 1250 4524 filius
1267 4463 1344 4525 luan
1362 4461 1500 4525 fundum

234 4586 329 4628 suum
353 4569 456 4650 sepire
480 4568 576 4631 debet
600 4589 702 4649 usque
726 4568 794 4630 dies
807 4583 880 4630 octo
904 4583 935 4629 et
957 4569 1072 4630 domos
1097 4588 1192 4650 super
1216 4569 1321 4651 ipsum
1345 4566 1499 4630 fabricare

232 4692 336 4756 usque
360 4671 477 4734 festum
502 4675 668 4735 beatorum
694 4673 780 4735 Petri
804 4687 835 4735 et
858 4673 950 4735 Pauli
982 4673 1216 4757 apostolorum,
1240 4672 1387 4754 alioquin
1412 4691 1500 4734 com·

236 4778 385 4841 munitati
409 4780 589 4841 remanebit
613 4800 651 4840 eo
677 4778 770 4841 facto.
