3472 5234
624 315 821 392 Ann01375.
847 348 887 357 —
912 326 961 390 27.
986 316 1096 374 martii.
1460 333 1495 395 ¹3

339 526 416 587 Item
442 545 536 588 causa
561 525 689 588 Martini
721 538 752 587 et
771 524 955 587 Sal'omonis
986 537 1033 587 est
1055 524 1096 586 ad
1127 536 1200 586 octo
1224 524 1293 586 dies
1316 543 1373 606 per
1403 537 1498 586 testes

234 645 361 714 recepta
385 632 426 694 ad
450 652 573 714 pacem.

339 738 418 801 Item
433 736 575 800 Gerdine
592 750 702 800 contra
720 736 930 800 Salomonem
943 737 1085 800 secundo
1098 738 1212 801 citatus
1230 757 1295 800 non
1308 738 1498 821 comparuit.

338 843 418 907 Item
443 862 537 906 causa
562 844 690 906 Martini
715 856 747 905 et
770 841 924 927 alteri(us)
957 843 1087 905 Martini
1111 857 1158 906 est
1188 843 1229 905 ad
1252 843 1391 926 primum
1416 843 1498 924 judi·

236 948 322 1010 cium
345 969 402 1032 per
425 948 544 1030 juratos
567 962 738 1032 prorogata
763 950 795 1010 in
816 949 946 1033 legistro
969 969 1025 1033 per
1042 950 1147 1032 ipsum
1172 950 1344 1013 Martinam
1368 969 1498 1032 carpen-

234 1054 349 1116 tarium
374 1075 536 1140 expensas·
550 1055 761 1118 ostendendo.

340 1161 419 1225 Item
443 1162 520 1225 Iuan
554 1162 743 1225 Sebestiano
774 1161 872 1242 judici
898 1163 930 1223 in
962 1162 1134 1244 quindenis
1163 1174 1301 1244 quatuor
1325 1181 1445 1224 marcas
1468 1175 1500 1225 et

234 1267 332 1349 iudici
357 1289 455 1331 unam
479 1268 603 1331 solvere
626 1269 722 1330 debet
745 1287 804 1351 pro
829 1286 879 1347 eo,
903 1268 980 1349 quia
998 1269 1104 1350 ipsum
1128 1268 1160 1329 in
1185 1279 1293 1329 nostra
1317 1268 1392 1330 sede
1416 1267 1498 1350 judi·

234 1373 330 1438 ciaria
352 1375 574 1458 vituperasset.

339 1480 418 1544 Item
442 1481 610 1545 Elisabeth
634 1494 748 1543 octavo
771 1481 823 1542 die
846 1500 880 1542 se
897 1493 1009 1563 quarta
1029 1479 1145 1562 jurabit
1163 1479 1195 1541 in
1214 1499 1264 1560 eo,
1288 1479 1376 1563 quod
1392 1480 1499 1542 literas

236 1583 316 1648 falso
341 1586 440 1650 modo
464 1602 496 1651 et
519 1587 707 1670 nequiciose
731 1607 797 1649 non
821 1599 1031 1668 procurasset.

340 1693 419 1755 Item
443 1693 562 1755 Paulus
585 1693 728 1754 literatus
751 1712 784 1754 se
807 1692 967 1754 secundus
982 1692 1099 1773 jurabit
1116 1692 1148 1754 in
1166 1712 1216 1772 eo,
1241 1692 1329 1776 quod
1347 1693 1413 1775 ipse
1431 1693 1498 1755 Eli·

235 1798 349 1862 zabeth
373 1800 415 1861 ob
440 1798 583 1862 favorem
607 1800 640 1861 in
665 1797 745 1862 falso
769 1798 869 1861 modo
893 1798 1000 1861 literas
1023 1818 1089 1860 non
1113 1799 1298 1880 scripsisset.

340 1904 420 1967 Item
444 1904 613 1968 Elizabeth
629 1919 742 1968 octavo
767 1904 819 1966 die
842 1924 899 1986 per
917 1905 1097 1985 Marenum,
1119 1904 1278 1967 Janchech
1301 1903 1498 1969 aurifabrum

236 2023 266 2071 et
290 2010 467 2073 Francham
488 2011 709 2073 testimonium
732 2010 898 2093 producet,
923 2010 1011 2091 quod
1035 2010 1102 2092 ipsa
1127 2030 1200 2072 cum
1224 2031 1284 2073 suo
1308 2012 1423 2074 marito
1439 2032 1499 2095 pro

235 2129 374 2198 quatuor
397 2118 511 2179 marcis
534 2117 740 2180 denariorum
764 2116 927 2198 quandam
952 2116 1086 2178 domum
1118 2137 1136 2178 a
1160 2115 1303 2199 Georgio
1328 2117 1420 2180 Plath
1443 2138 1499 2179 vo·

235 2236 306 2284 cato
330 2223 417 2285 iuxta
440 2236 566 2306 portam
589 2222 774 2285 carnificum
798 2235 1022 2304 comparasset.

342 2328 421 2390 Item
444 2328 699 2410 adjudicavimus
722 2327 890 2392 Elizabeth
921 2327 1063 2410 predicte
1087 2329 1217 2391 terciam
1249 2343 1371 2412 partem
1396 2330 1500 2410 vinee,

236 2453 299 2515 que
325 2434 463 2496 condam
487 2433 610 2519 (ipsius)
635 2435 739 2497 mariti
764 2434 894 2497 Thoma
919 2436 1034 2515 vocati,
1057 2435 1182 2515 sutoris,
1206 2433 1326 2499 fuisset.

237 2632 333 2709 Feria
348 2639 456 2709 tercia
474 2640 629 2728 proxima
643 2647 720 2729 post
738 2637 862 2709 festam
877 2634 1160 2709 annunciacionis
1180 2638 1323 2725 virginis
1342 2637 1499 2724 gloriose.

762 2791 826 2868 (27.
850 2791 972 2857 marat).

343 2932 451 2995 Primo
476 2952 570 2994 causa
594 2932 719 2994 NicoIai
742 2930 799 2993 filii
818 2930 908 2992 Pauli
925 2931 965 2992 de
983 2928 1137 2993 Orbouch
1154 2942 1186 2992 et
1201 2929 1333 2992 domine
1357 2935 1500 3012 Agnesse

238 3038 346 3101 relicte
371 3038 440 3100 Elis
464 3038 646 3100 stacionarii
672 3036 781 3100 estad
805 3037 944 3119 primurn
969 3035 1125 3116 judicium
1150 3049 1330 3118 prorogata.

344 3144 422 3206 Item
447 3145 639 3207 Benedictus
662 3143 747 3206 filius
764 3142 917 3225 Stephani
938 3154 1047 3204 contra
1065 3141 1229 3204 Geninum
1252 3143 1357 3225 primo
1381 3141 1501 3224 judicio

238 3270 294 3334 per
317 3250 451 3312 Iuanum
465 3251 581 3333 Brayse
606 3263 637 3313 et
661 3250 831 3311 LucasIum
848 3247 952 3311 hlium
966 3247 1086 3330 Miclyn
1110 3248 1311 3330 approbabit,
1336 3249 1424 3330 quod
1440 3249 1501 3312 sibi

239 3357 270 3418 in
295 3357 507 3439 quadraginta
532 3357 658 3419 cubulis
681 3356 747 3418 vini
771 3368 933 3418 teneretur
956 3353 996 3414 de
1019 3355 1168 3434 terragio

344 3464 421 3525 Item
442 3483 537 3525 causa
568 3462 697 3524 Andree
728 3462 769 3524 de
801 3462 872 3544 Gay
901 3474 932 3522 et
967 3459 1120 3542 Gyutgek
1143 3474 1190 3522 est
1219 3480 1277 3543 per
1300 3461 1501 3523 Anthonium

238 3568 362 3631 Jursich
387 3569 427 3631 ad
452 3568 565 3631 seriam
588 3581 708 3631 sextam
732 3568 903 3651 plusquam
927 3579 1094 3628 venturam
1119 3578 1245 3648 recepta
1269 3565 1310 3627 ad
1335 3587 1456 3649 pacem.

344 3676 423 3738 Item
447 3674 558 3738 fimum
591 3675 680 3757 quod
709 3675 817 3757 posuit
848 3673 1009 3735 Johannes
1030 3672 1128 3735 Vasas
1161 3691 1256 3754 supra
1282 3671 1417 3734 domum
1449 3674 1501 3734 Jo-

239 3781 353 3844 hannis
377 3783 483 3860 Liber,
507 3796 652 3864 ternpore
676 3781 876 3843 debitorum
899 3778 1045 3860 gramina
1076 3791 1170 3840 erunt
1193 3777 1311 3857 vivida,
1341 3778 1502 3859 purgabit.

344 3888 423 3951 Item
453 3887 614 3950 Johannes
645 3888 742 3949 Liber
774 3886 932 3970 Mychaeli
963 3884 1067 3965 jurato
1091 3885 1124 3945 in
1158 3881 1330 3964 quindenis
1364 3897 1503 3964 quatuor

239 3993 309 4057 flor.
337 3995 448 4058 solvet.

345 4102 423 4164 Item
448 4121 542 4165 causa
565 4100 736 4182 Dragozlai
761 4099 854 4180 jurati
881 4111 912 4160 et
932 4096 1025 4159 Duch
1049 4109 1095 4159 est
1118 4115 1175 4178 per
1192 4095 1351 4157 Janchech
1376 4107 1407 4157 et
1423 4094 1502 4158 Gre-

238 4207 366 4288 gorIum
390 4228 501 4271 voscar
525 4207 563 4268 ad
589 4206 728 4290 primurn
752 4205 908 4286 judicium
932 4216 1057 4285 recepta
1081 4201 1121 4264 ad
1145 4221 1269 4285 pacem.

345 4313 424 4377 Item
447 4333 542 4376 causa
568 4312 638 4374 Elis
663 4326 694 4374 et
710 4312 838 4373 Torche
863 4324 909 4371 est
932 4309 973 4371 ad
990 4309 1128 4391 prImum
1147 4307 1304 4390 judicium
1320 4320 1501 4390 prorogata.

345 4421 424 4483 Item
448 4440 542 4482 causa
567 4417 676 4482 Sibich
700 4432 731 4479 et
754 4417 883 4479 Thome
907 4415 1023 4477 sutoris
1047 4427 1092 4476 est
1119 4433 1176 4496 per
1202 4413 1386 4475 Ladislaum
1409 4412 1503 4493 tular,

241 4527 383 4590 Blasium
406 4539 547 4589 autorem
570 4538 601 4587 et
625 4522 804 4586 Iohannem
832 4523 931 4585 Pazar
955 4535 1081 4604 recepta
1105 4520 1144 4581 ad
1168 4539 1292 4602 pacem.

345 4633 425 4697 Item
449 4631 609 4713 Georgius
635 4629 725 4692 Plath
749 4642 795 4691 est
819 4642 928 4690 contra
952 4626 1092 4709 judicem
1117 4627 1148 4687 in
1173 4626 1275 4688 tribus
1297 4624 1404 4707 pensis
1427 4644 1502 4687 con-

240 4739 343 4803 victus
373 4752 404 4802 et
433 4736 602 4801 Elizabeth
634 4756 724 4799 suam
755 4736 880 4817 glorem
917 4734 948 4795 in
981 4753 1031 4812 eo,
1062 4731 1150 4814 quod
1182 4729 1297 4792 falsum
1329 4731 1502 4793 terminum

241 4847 339 4910 astitit
361 4859 471 4909 contra
494 4844 642 4908 eandem.
