3472 5234
663 362 746 420 Anno
769 359 859 440 [383.
887 396 924 405 —
951 361 999 422 16.
1016 361 1110 441 J'unii

354 572 431 634 Item
456 593 549 635 causa
581 572 709 634 Thome
741 571 797 634 filii
823 574 924 635 Ztank
956 586 1067 635 contra
1091 574 1176 636 iwan
1208 578 1443 657 carpentarium
1470 576 1510 638 ad

248 692 398 741 octavum
422 679 508 741 diem
532 680 573 741 ad
597 698 709 761 pacem
734 692 781 741 eat
804 692 941 761 recepta.

353 785 433 847 Item
457 785 624 847 Elizabeth
649 785 766 847 mulier
789 799 903 846 octavo
936 785 988 846 die
1011 787 1111 847 tercio
1135 807 1168 848 se
1201 786 1319 868 jurabit
1341 807 1436 870 super
1460 808 1511 867 eo,

248 891 336 973 quod
360 893 428 974 ipsa
460 893 491 953 in
524 893 667 974 quodam
699 891 862 980 furticinio
894 904 1004 954 contra
1036 892 1178 954 Blasium
1208 892 1311 954 filium
1344 893 1511 956 Michaelis

248 998 402 1061 innocens
426 999 474 1061 sit.

353 1103 430 1164 Item
455 1103 543 1185 quod
568 1105 643 1186 quia
660 1102 844 1165 Anthonius
867 1102 952 1166 filius
976 1105 1066 1166 Jursa
1084 1103 1257 1185 quemdam
1281 1105 1398 1166 bovem
1422 1105 1508 1167 iwan

246 1207 314 1271 filio
341 1209 430 1270 Pauli
455 1224 528 1271 ante
551 1222 677 1293 tempus
701 1210 846 1271 debitum
864 1210 992 1292 recepit,
1017 1210 1089 1271 ideo
1114 1229 1187 1271 cum
1211 1229 1276 1271 uno
1301 1211 1440 1292 biraagio
1457 1231 1504 1272 re-

245 1315 329 1398 cepit
352 1328 383 1377 et
414 1335 487 1378 cum
518 1316 619 1378 altero
649 1316 814 1378 restituere
847 1316 960 1392 debet;
996 1328 1137 1378 ceterum
1167 1316 1242 1397 quia
1274 1316 1341 1398 ipse
1370 1318 1428 1378 boa
1462 1332 1508 1379 est

244 1435 400 1499 mortuus,
425 1421 498 1484 ideo
522 1443 617 1504 super
648 1435 767 1504 quanta
800 1423 976 1504 quantitate
1005 1423 1140 1505 pecunie
1172 1424 1239 1504 ipse
1263 1423 1348 1484 lwan
1373 1423 1501 1504 jurabit,

243 1543 363 1590 tantam
390 1529 456 1611 ipse
488 1528 671 1590 Anthonius
705 1529 810 1590 eidem
842 1531 1024 1611 persolvere
1055 1529 1169 1607 debet;
1201 1530 1268 1612 ipse
1299 1543 1406 1592 autem
1438 1534 1505 1591 An·

241 1634 371 1697 thonius
395 1634 513 1696 dictam
537 1655 665 1697 causam
689 1636 730 1696 ad
754 1636 904 1717 antiquos
928 1635 1049 1717 judices
1072 1636 1257 1718 appellavit.

297 1757 300 1762 ·
350 1742 428 1802 Item
455 1742 611 1804 Martinus
628 1741 711 1804 filius
729 1741 887 1804 Janchech
910 1756 940 1803 et
964 1743 1080 1804 mulier
1096 1748 1221 1826 Agnya,
1239 1743 1375 1825 quilibet
1391 1763 1503 1805 eorum

242 1862 330 1910 serto
354 1869 387 1910 se
411 1861 525 1910 octavo
550 1849 601 1909 die
626 1848 766 1931 (iurabit)
790 1869 885 1931 super
908 1868 957 1927 eo,
992 1849 1080 1930 quod
1104 1850 1162 1931 ipsi
1196 1863 1267 1932 post
1291 1851 1504 1932 compaterni-

241 1967 338 2016 tatem
363 1955 445 2016 inter
469 1974 524 2016 eos
548 1953 663 2017 factam
688 1976 753 2017 non
782 1956 1034 2017 concubuerunt.

347 2062 424 2123 Item
452 2061 569 2123 Paulus
592 2062 736 2124 literatus
760 2075 868 2124 contra
893 2060 1036 2122 Jaketich
1059 2062 1163 2144 primo
1188 2063 1300 2124 citatus
1321 2081 1385 2123 non
1410 2082 1496 2123 com-

241 2167 357 2250 paruit.

292 2409 473 2480 Sabbatum
502 2411 692 2497 proximum
721 2417 797 2497 post
823 2409 946 2480 festum
974 2410 1083 2479 sancti
1114 2407 1264 2478 Barnabe
1294 2405 1449 2495 apostoli.

780 2594 840 2657 (13.
857 2580 963 2656 junii).

345 2739 423 2800 ltem
448 2760 540 2800 causa
566 2739 722 2801 Anthonii
748 2737 880 2821 Juraych
906 2739 937 2799 in
963 2758 1025 2820 qua
1051 2751 1097 2800 est
1120 2750 1307 2820 procurator
1332 2736 1499 2798 cuiusdam

239 2845 375 2928 orphani
401 2859 510 2906 contra
536 2845 673 2906 lwanam
706 2844 874 2907 mulierem
907 2846 947 2906 ad
979 2858 1053 2906 octo
1078 2844 1145 2905 dieo
1168 2844 1209 2905 ad
1242 2843 1500 2904 interessenciam
1537 2878 1541 2888 ·

239 2950 371 3032 Georgii
396 2951 435 3012 de
461 2950 637 3032 Oporouch
662 2967 708 3012 est
736 2964 917 3033 prorogata.

343 3056 420 3118 item
445 3056 508 3116 alia
532 3076 625 3117 causa
650 3056 725 3118 dicti
751 3056 906 3117 Anthonii
935 3076 1007 3117 cum
1032 3056 1117 3117 lwau
1149 3054 1216 3116 filio
1241 3054 1331 3115 Pauli
1357 3054 1397 3115 ad
1422 3068 1496 3116 octo

237 3162 304 3223 dies
328 3181 401 3223 cum
426 3162 564 3242 birsagio
589 3163 684 3222 trium
710 3181 881 3243 pensarum
904 3181 960 3243 per
993 3163 1097 3242 ipsum
1122 3161 1206 3222 iwan
1232 3161 1427 3242 deponendo
1452 3174 1498 3220 est

236 3280 406 3349 prorogata
439 3288 477 3329 eo
507 3268 618 3346 modu,
650 3268 738 3347 quod
767 3269 791 3326 si
824 3268 890 3348 ipse
922 3267 1008 3328 iwan
1040 3268 1183 3330 indicto
1215 3281 1329 3330 octavo
1355 3267 1406 3328 die
1431 3287 1495 3328 non

236 3374 460 3455 comparuerit,
485 3388 559 3435 tuuc
584 3393 711 3434 causam
736 3393 826 3434 suam
851 3373 973 3454 perdet.

262 3605 358 3680 Feria
387 3612 494 3680 tercia
531 3613 683 3698 proxima
712 3620 789 3699 post
818 3612 939 3684 festum
968 3614 1141 3684 beatorum
1171 3613 1239 3684 Viti
1268 3621 1302 3683 et
1331 3613 1470 3685 Modesti

769 3740 959 3809 martirum.

770 3903 836 3986 (16.
852 3906 963 3987 junii).

339 4061 416 4124 Item
442 4060 586 4124 Thomas
611 4062 714 4126 dictus
738 4064 857 4146 Dragin
883 4080 992 4127 contra
1011 4065 1136 4126 Mikech
1160 4064 1263 4126 filium
1289 4066 1415 4127 Nicolai
1444 4087 1491 4128 se·

233 4167 339 4228 cundo
364 4169 476 4230 citatus
499 4188 564 4229 non
590 4172 779 4252 comparuit.

339 4274 416 4336 Item
442 4294 535 4336 causa
559 4275 685 4337 Nicolai
717 4276 774 4338 filii
806 4278 921 4339 Kuailo
953 4290 1061 4339 contra
1090 4276 1238 4338 Valesam
1270 4277 1310 4338 ad
1342 4292 1492 4340 octavum

233 4377 319 4441 diem
344 4380 383 4441 ad
409 4401 520 4463 pacem
544 4396 591 4444 est
614 4397 749 4465 recepta.

338 4486 415 4548 item
450 4487 631 4570 Stephanus
664 4489 801 4551 condam
833 4489 953 4569 juratus
986 4503 1094 4550 contra
1129 4488 1322 4569 Gregorium
1355 4490 1492 4551 condam

232 4587 370 4669 juratum
394 4593 500 4675 primo
524 4595 637 4656 citatus
661 4614 727 4655 non
754 4595 942 4678 comparuit.

337 4697 414 4759 item
450 4699 581 4763 domina
618 4700 721 4761 iwana
762 4713 872 4762 contra
908 4700 1084 4782 Georgium
1120 4701 1262 4763 secundo
1297 4701 1390 4764 citata
1423 4721 1488 4764 non

236 4803 423 4884 'omparuit
