<?xml version="1.0" encoding="UTF-8"?>
<!DOCTYPE html PUBLIC "-//W3C//DTD XHTML 1.0 Transitional//EN"
    "http://www.w3.org/TR/xhtml1/DTD/xhtml1-transitional.dtd">
<html xmlns="http://www.w3.org/1999/xhtml" xml:lang="en" lang="en">
 <head>
  <title>
</title>
<meta http-equiv="Content-Type" content="text/html;charset=utf-8" />
  <meta name='ocr-system' content='tesseract 3.04.00' />
  <meta name='ocr-capabilities' content='ocr_page ocr_carea ocr_par ocr_line ocrx_word'/>
</head>
<body>
  <div class='ocr_page' id='page_1' title='image "./monumentahistor09laszgoog/monumentahistor09laszgoog_0147.png"; bbox 0 0 3472 5234; ppageno 0'>
   <div class='ocr_carea' id='block_1_1' title="bbox 210 303 1483 3234">
    <p class='ocr_par' dir='ltr' id='par_1_1' title="bbox 610 303 1099 378">
     <span class='ocr_line' id='line_1_1' title="bbox 610 303 1099 378; baseline 0.006 -20"><span class='ocrx_word' id='word_1_1' title='bbox 610 303 696 359; x_wconf 84' lang='lat' dir='ltr'>Anno</span> <span class='ocrx_word' id='word_1_2' title='bbox 719 314 807 378; x_wconf 75' lang='lat'><em>1377.</em></span> <span class='ocrx_word' id='word_1_3' title='bbox 837 336 871 344; x_wconf 88' lang='lat'><em>-</em></span> <span class='ocrx_word' id='word_1_4' title='bbox 898 315 947 376; x_wconf 83' lang='lat'>25.</span> <span class='ocrx_word' id='word_1_5' title='bbox 972 303 1099 373; x_wconf 62' lang='lat' dir='ltr'>auperti.</span> 
     </span>
    </p>

    <p class='ocr_par' dir='ltr' id='par_1_2' title="bbox 217 511 1481 701">
     <span class='ocr_line' id='line_1_2' title="bbox 323 511 1481 595; baseline 0.003 -22"><span class='ocrx_word' id='word_1_6' title='bbox 323 511 402 573; x_wconf 90' lang='lat' dir='ltr'>ltem</span> <span class='ocrx_word' id='word_1_7' title='bbox 427 512 579 574; x_wconf 88' lang='lat' dir='ltr'>Nicolaus</span> <span class='ocrx_word' id='word_1_8' title='bbox 603 526 633 575; x_wconf 90' lang='lat' dir='ltr'>et</span> <span class='ocrx_word' id='word_1_9' title='bbox 665 512 812 575; x_wconf 86' lang='lat' dir='ltr'>Nedellto</span> <span class='ocrx_word' id='word_1_10' title='bbox 846 527 956 574; x_wconf 89' lang='lat' dir='ltr'>contra</span> <span class='ocrx_word' id='word_1_11' title='bbox 987 513 1128 574; x_wconf 86' lang='lat' dir='ltr'>iwanum</span> <span class='ocrx_word' id='word_1_12' title='bbox 1160 513 1266 595; x_wconf 88' lang='lat' dir='ltr'>primo</span> <span class='ocrx_word' id='word_1_13' title='bbox 1298 515 1382 576; x_wconf 89' lang='lat' dir='ltr'>citati</span> <span class='ocrx_word' id='word_1_14' title='bbox 1416 534 1481 576; x_wconf 91' lang='lat' dir='ltr'>non</span> 
     </span>
     <span class='ocr_line' id='line_1_3' title="bbox 217 632 477 701; baseline 0 -21"><span class='ocrx_word' id='word_1_15' title='bbox 217 632 477 701; x_wconf 84' lang='lat' dir='ltr'>comparuerunt.</span> 
     </span>
    </p>

    <p class='ocr_par' dir='ltr' id='par_1_3' title="bbox 218 723 1483 915">
     <span class='ocr_line' id='line_1_4' title="bbox 321 723 1483 807; baseline 0.001 -20"><span class='ocrx_word' id='word_1_16' title='bbox 321 724 400 787; x_wconf 89' lang='lat' dir='ltr'>Item</span> <span class='ocrx_word' id='word_1_17' title='bbox 424 725 576 786; x_wconf 91' lang='lat' dir='ltr'>dominus</span> <span class='ocrx_word' id='word_1_18' title='bbox 601 725 746 787; x_wconf 82' lang='lat' dir='ltr'>Donatus</span> <span class='ocrx_word' id='word_1_19' title='bbox 770 739 800 788; x_wconf 94' lang='lat' dir='ltr'>et</span> <span class='ocrx_word' id='word_1_20' title='bbox 824 727 911 787; x_wconf 88' lang='lat' dir='ltr'>Luca</span> <span class='ocrx_word' id='word_1_21' title='bbox 942 738 1052 787; x_wconf 89' lang='lat' dir='ltr'>contra</span> <span class='ocrx_word' id='word_1_22' title='bbox 1078 723 1256 806; x_wconf 86' lang='lat' dir='ltr'>Georgium</span> <span class='ocrx_word' id='word_1_23' title='bbox 1288 724 1427 807; x_wconf 87' lang='lat' dir='ltr'>juratum</span> <span class='ocrx_word' id='word_1_24' title='bbox 1452 740 1483 788; x_wconf 93' lang='lat' dir='ltr'>et</span> 
     </span>
     <span class='ocr_line' id='line_1_5' title="bbox 218 828 1028 915; baseline 0 -23"><span class='ocrx_word' id='word_1_25' title='bbox 218 828 411 912; x_wconf 85' lang='lat' dir='ltr'>Gregorium</span> <span class='ocrx_word' id='word_1_26' title='bbox 435 831 542 912; x_wconf 90' lang='lat' dir='ltr'>primo</span> <span class='ocrx_word' id='word_1_27' title='bbox 569 831 654 892; x_wconf 90' lang='lat' dir='ltr'>citati</span> <span class='ocrx_word' id='word_1_28' title='bbox 680 851 745 893; x_wconf 94' lang='lat' dir='ltr'>non</span> <span class='ocrx_word' id='word_1_29' title='bbox 769 845 1028 915; x_wconf 89' lang='lat' dir='ltr'>comparuerunt.</span> 
     </span>
    </p>

    <p class='ocr_par' dir='ltr' id='par_1_4' title="bbox 216 936 1481 1129">
     <span class='ocr_line' id='line_1_6' title="bbox 322 936 1481 1022; baseline 0.002 -23"><span class='ocrx_word' id='word_1_30' title='bbox 322 936 399 999; x_wconf 87' lang='lat' dir='ltr'>Item</span> <span class='ocrx_word' id='word_1_31' title='bbox 425 936 608 1020; x_wconf 84' lang='lat' dir='ltr'>Stephanus</span> <span class='ocrx_word' id='word_1_32' title='bbox 631 951 742 1001; x_wconf 88' lang='lat' dir='ltr'>contra</span> <span class='ocrx_word' id='word_1_33' title='bbox 767 939 958 1022; x_wconf 91' lang='lat' dir='ltr'>Dyonisium</span> <span class='ocrx_word' id='word_1_34' title='bbox 992 938 1135 1001; x_wconf 91' lang='lat' dir='ltr'>secundo</span> <span class='ocrx_word' id='word_1_35' title='bbox 1160 939 1274 1001; x_wconf 89' lang='lat' dir='ltr'>citatus</span> <span class='ocrx_word' id='word_1_36' title='bbox 1298 959 1362 1001; x_wconf 93' lang='lat' dir='ltr'>non</span> <span class='ocrx_word' id='word_1_37' title='bbox 1395 960 1481 1001; x_wconf 89' lang='lat' dir='ltr'>corn-</span> 
     </span>
     <span class='ocr_line' id='line_1_7' title="bbox 216 1043 394 1129; baseline 0.006 -25"><span class='ocrx_word' id='word_1_38' title='bbox 216 1043 332 1126; x_wconf 78' lang='lat' dir='ltr'>paruit.</span> <span class='ocrx_word' id='word_1_39' title='bbox 391 1123 394 1129; x_wconf 27' lang='grc'>,</span> 
     </span>
    </p>

    <p class='ocr_par' dir='ltr' id='par_1_5' title="bbox 321 1149 1480 1235">
     <span class='ocr_line' id='line_1_8' title="bbox 321 1149 1480 1235; baseline 0.003 -24"><span class='ocrx_word' id='word_1_40' title='bbox 321 1150 401 1212; x_wconf 90' lang='lat' dir='ltr'>ltem</span> <span class='ocrx_word' id='word_1_41' title='bbox 426 1149 555 1212; x_wconf 81' lang='lat' dir='ltr'>Gerdalt</span> <span class='ocrx_word' id='word_1_42' title='bbox 579 1163 688 1213; x_wconf 87' lang='lat' dir='ltr'>contra</span> <span class='ocrx_word' id='word_1_43' title='bbox 713 1151 923 1213; x_wconf 76' lang='lat' dir='ltr'>benedictum</span> <span class='ocrx_word' id='word_1_44' title='bbox 942 1152 1046 1233; x_wconf 93' lang='lat' dir='ltr'>primo</span> <span class='ocrx_word' id='word_1_45' title='bbox 1064 1152 1177 1214; x_wconf 90' lang='lat' dir='ltr'>citatus</span> <span class='ocrx_word' id='word_1_46' title='bbox 1201 1172 1266 1214; x_wconf 91' lang='lat' dir='ltr'>non</span> <span class='ocrx_word' id='word_1_47' title='bbox 1291 1153 1480 1235; x_wconf 84' lang='lat' dir='ltr'><strong>comparuit.</strong></span> 
     </span>
    </p>

    <p class='ocr_par' dir='ltr' id='par_1_6' title="bbox 322 1256 1479 1340">
     <span class='ocr_line' id='line_1_9' title="bbox 322 1256 1479 1340; baseline 0.001 -22"><span class='ocrx_word' id='word_1_48' title='bbox 322 1256 400 1318; x_wconf 86' lang='lat' dir='ltr'><strong>Item</strong></span> <span class='ocrx_word' id='word_1_49' title='bbox 426 1257 513 1318; x_wconf 86' lang='lat' dir='ltr'>Elias</span> <span class='ocrx_word' id='word_1_50' title='bbox 537 1277 654 1339; x_wconf 89' lang='lat' dir='ltr'>parvus</span> <span class='ocrx_word' id='word_1_51' title='bbox 678 1272 786 1319; x_wconf 88' lang='lat' dir='ltr'>contra</span> <span class='ocrx_word' id='word_1_52' title='bbox 812 1259 886 1319; x_wconf 88' lang='lat' dir='ltr'>Moz</span> <span class='ocrx_word' id='word_1_53' title='bbox 907 1257 1049 1319; x_wconf 90' lang='lat' dir='ltr'>secundo</span> <span class='ocrx_word' id='word_1_54' title='bbox 1072 1258 1185 1319; x_wconf 88' lang='lat' dir='ltr'>citatus</span> <span class='ocrx_word' id='word_1_55' title='bbox 1209 1278 1275 1320; x_wconf 90' lang='lat' dir='ltr'>non</span> <span class='ocrx_word' id='word_1_56' title='bbox 1291 1259 1479 1340; x_wconf 87' lang='lat' dir='ltr'>comparuit.</span> 
     </span>
    </p>

    <p class='ocr_par' dir='ltr' id='par_1_7' title="bbox 215 1363 1481 1553">
     <span class='ocr_line' id='line_1_10' title="bbox 321 1363 1481 1447; baseline 0.001 -22"><span class='ocrx_word' id='word_1_57' title='bbox 321 1363 399 1425; x_wconf 88' lang='lat' dir='ltr'><strong>Item</strong></span> <span class='ocrx_word' id='word_1_58' title='bbox 432 1365 588 1426; x_wconf 88' lang='lat' dir='ltr'>Martinus</span> <span class='ocrx_word' id='word_1_59' title='bbox 619 1364 798 1447; x_wconf 91' lang='lat' dir='ltr'>Zequirych</span> <span class='ocrx_word' id='word_1_60' title='bbox 831 1378 939 1426; x_wconf 90' lang='lat' dir='ltr'>contra</span> <span class='ocrx_word' id='word_1_61' title='bbox 964 1364 1136 1427; x_wconf 85' lang='lat' dir='ltr'>Nicolaum</span> <span class='ocrx_word' id='word_1_62' title='bbox 1168 1364 1307 1426; x_wconf 89' lang='lat' dir='ltr'>condam</span> <span class='ocrx_word' id='word_1_63' title='bbox 1339 1363 1481 1445; x_wconf 90' lang='lat' dir='ltr'>judicem</span> 
     </span>
     <span class='ocr_line' id='line_1_11' title="bbox 215 1469 647 1553; baseline 0.005 -22"><span class='ocrx_word' id='word_1_64' title='bbox 215 1482 328 1531; x_wconf 90' lang='lat' dir='ltr'>octavo</span> <span class='ocrx_word' id='word_1_65' title='bbox 352 1469 405 1531; x_wconf 91' lang='lat' dir='ltr'>die</span> <span class='ocrx_word' id='word_1_66' title='bbox 430 1470 647 1553; x_wconf 84' lang='lat' dir='ltr'>respondebit.</span> 
     </span>
    </p>

    <p class='ocr_par' dir='ltr' id='par_1_8' title="bbox 215 1576 1479 1764">
     <span class='ocr_line' id='line_1_12' title="bbox 321 1576 1479 1640; baseline 0.001 -3"><span class='ocrx_word' id='word_1_67' title='bbox 321 1576 401 1638; x_wconf 86' lang='lat' dir='ltr'>Item</span> <span class='ocrx_word' id='word_1_68' title='bbox 426 1577 537 1639; x_wconf 93' lang='lat' dir='ltr'>Petrus</span> <span class='ocrx_word' id='word_1_69' title='bbox 569 1590 600 1639; x_wconf 93' lang='lat' dir='ltr'>et</span> <span class='ocrx_word' id='word_1_70' title='bbox 632 1577 716 1639; x_wconf 89' lang='lat' dir='ltr'>lwan</span> <span class='ocrx_word' id='word_1_71' title='bbox 749 1591 859 1639; x_wconf 88' lang='lat' dir='ltr'>contra</span> <span class='ocrx_word' id='word_1_72' title='bbox 889 1576 1087 1640; x_wconf 90' lang='lat' dir='ltr'>Peterlinum</span> <span class='ocrx_word' id='word_1_73' title='bbox 1118 1577 1261 1639; x_wconf 85' lang='lat' dir='ltr'>secundo</span> <span class='ocrx_word' id='word_1_74' title='bbox 1293 1577 1379 1639; x_wconf 89' lang='lat' dir='ltr'>citati</span> <span class='ocrx_word' id='word_1_75' title='bbox 1414 1597 1479 1639; x_wconf 92' lang='lat' dir='ltr'>non</span> 
     </span>
     <span class='ocr_line' id='line_1_13' title="bbox 215 1696 474 1764; baseline 0.012 -21"><span class='ocrx_word' id='word_1_76' title='bbox 215 1696 474 1764; x_wconf 87' lang='lat' dir='ltr'>comparuerunt.</span> 
     </span>
    </p>

    <p class='ocr_par' dir='ltr' id='par_1_9' title="bbox 213 1788 1479 1979">
     <span class='ocr_line' id='line_1_14' title="bbox 320 1788 1479 1873; baseline 0.003 -23"><span class='ocrx_word' id='word_1_77' title='bbox 320 1788 401 1851; x_wconf 88' lang='lat' dir='ltr'>ltem</span> <span class='ocrx_word' id='word_1_78' title='bbox 425 1790 520 1851; x_wconf 91' lang='lat' dir='ltr'>Kuna</span> <span class='ocrx_word' id='word_1_79' title='bbox 553 1810 634 1851; x_wconf 86' lang='lat' dir='ltr'>uxor</span> <span class='ocrx_word' id='word_1_80' title='bbox 658 1789 812 1872; x_wconf 82' lang='lat' dir='ltr'>Stephani</span> <span class='ocrx_word' id='word_1_81' title='bbox 844 1804 958 1853; x_wconf 88' lang='lat' dir='ltr'>octavo</span> <span class='ocrx_word' id='word_1_82' title='bbox 992 1791 1044 1852; x_wconf 89' lang='lat' dir='ltr'>die</span> <span class='ocrx_word' id='word_1_83' title='bbox 1068 1811 1101 1852; x_wconf 87' lang='lat' dir='ltr'>se</span> <span class='ocrx_word' id='word_1_84' title='bbox 1133 1804 1220 1852; x_wconf 82' lang='lat' dir='ltr'>sexta</span> <span class='ocrx_word' id='word_1_85' title='bbox 1244 1790 1361 1871; x_wconf 82' lang='lat' dir='ltr'>jurabit</span> <span class='ocrx_word' id='word_1_86' title='bbox 1384 1811 1479 1873; x_wconf 88' lang='lat' dir='ltr'>super</span> 
     </span>
     <span class='ocr_line' id='line_1_15' title="bbox 213 1896 1281 1979; baseline 0.002 -22"><span class='ocrx_word' id='word_1_87' title='bbox 213 1896 367 1979; x_wconf 89' lang='lat' dir='ltr'>premissa</span> <span class='ocrx_word' id='word_1_88' title='bbox 391 1896 591 1975; x_wconf 66' lang='lat' dir='ltr'>acusncionrr,</span> <span class='ocrx_word' id='word_1_89' title='bbox 616 1896 703 1978; x_wconf 89' lang='lat' dir='ltr'>quod</span> <span class='ocrx_word' id='word_1_90' title='bbox 729 1897 796 1979; x_wconf 90' lang='lat' dir='ltr'>ipsa</span> <span class='ocrx_word' id='word_1_91' title='bbox 820 1897 861 1958; x_wconf 87' lang='lat' dir='ltr'>sit</span> <span class='ocrx_word' id='word_1_92' title='bbox 884 1897 1039 1959; x_wconf 88' lang='lat' dir='ltr'>innocens</span> <span class='ocrx_word' id='word_1_93' title='bbox 1063 1912 1093 1959; x_wconf 94' lang='lat' dir='ltr'>et</span> <span class='ocrx_word' id='word_1_94' title='bbox 1118 1898 1281 1961; x_wconf 89' lang='lat' dir='ltr'>immunis.</span> 
     </span>
    </p>

    <p class='ocr_par' dir='ltr' id='par_1_10' title="bbox 212 2002 1477 2298">
     <span class='ocr_line' id='line_1_16' title="bbox 318 2002 1476 2085; baseline 0.002 -21"><span class='ocrx_word' id='word_1_95' title='bbox 318 2002 395 2064; x_wconf 92' lang='lat' dir='ltr'>ltem</span> <span class='ocrx_word' id='word_1_96' title='bbox 420 2003 575 2082; x_wconf 85' lang='lat' dir='ltr'>Andreas,</span> <span class='ocrx_word' id='word_1_97' title='bbox 593 2003 760 2064; x_wconf 88' lang='lat' dir='ltr'>Ladislaus</span> <span class='ocrx_word' id='word_1_98' title='bbox 777 2017 808 2065; x_wconf 95' lang='lat' dir='ltr'>et</span> <span class='ocrx_word' id='word_1_99' title='bbox 824 2002 986 2065; x_wconf 89' lang='lat' dir='ltr'>lohannes</span> <span class='ocrx_word' id='word_1_100' title='bbox 1004 2018 1118 2066; x_wconf 89' lang='lat' dir='ltr'>octavo</span> <span class='ocrx_word' id='word_1_101' title='bbox 1140 2003 1192 2066; x_wconf 90' lang='lat' dir='ltr'>die</span> <span class='ocrx_word' id='word_1_102' title='bbox 1209 2004 1346 2085; x_wconf 87' lang='lat' dir='ltr'>quilibet</span> <span class='ocrx_word' id='word_1_103' title='bbox 1364 2023 1476 2066; x_wconf 92' lang='lat' dir='ltr'>eorum</span> 
     </span>
     <span class='ocr_line' id='line_1_17' title="bbox 212 2107 1477 2192; baseline 0.004 -25"><span class='ocrx_word' id='word_1_104' title='bbox 212 2126 245 2168; x_wconf 87' lang='lat' dir='ltr'>se</span> <span class='ocrx_word' id='word_1_105' title='bbox 268 2107 385 2169; x_wconf 92' lang='lat' dir='ltr'>tercius</span> <span class='ocrx_word' id='word_1_106' title='bbox 408 2107 559 2189; x_wconf 87' lang='lat' dir='ltr'>jurabunt</span> <span class='ocrx_word' id='word_1_107' title='bbox 590 2128 685 2191; x_wconf 89' lang='lat' dir='ltr'>supet</span> <span class='ocrx_word' id='word_1_108' title='bbox 717 2128 767 2188; x_wconf 89' lang='lat' dir='ltr'>eo,</span> <span class='ocrx_word' id='word_1_109' title='bbox 791 2110 879 2191; x_wconf 92' lang='lat' dir='ltr'>quod</span> <span class='ocrx_word' id='word_1_110' title='bbox 904 2109 963 2192; x_wconf 91' lang='lat' dir='ltr'>ipsi</span> <span class='ocrx_word' id='word_1_111' title='bbox 995 2111 1027 2170; x_wconf 91' lang='lat' dir='ltr'>in</span> <span class='ocrx_word' id='word_1_112' title='bbox 1052 2128 1147 2171; x_wconf 93' lang='lat' dir='ltr'>croco</span> <span class='ocrx_word' id='word_1_113' title='bbox 1180 2108 1298 2171; x_wconf 90' lang='lat' dir='ltr'>Genini</span> <span class='ocrx_word' id='word_1_114' title='bbox 1330 2110 1394 2172; x_wconf 90' lang='lat' dir='ltr'>sint</span> <span class='ocrx_word' id='word_1_115' title='bbox 1418 2111 1477 2172; x_wconf 88' lang='lat' dir='ltr'>im·</span> 
     </span>
     <span class='ocr_line' id='line_1_18' title="bbox 213 2214 1198 2298; baseline 0.003 -24"><span class='ocrx_word' id='word_1_116' title='bbox 213 2233 327 2275; x_wconf 93' lang='lat' dir='ltr'>munes</span> <span class='ocrx_word' id='word_1_117' title='bbox 351 2228 382 2276; x_wconf 94' lang='lat' dir='ltr'>et</span> <span class='ocrx_word' id='word_1_118' title='bbox 405 2214 593 2277; x_wconf 89' lang='lat' dir='ltr'>innocentes</span> <span class='ocrx_word' id='word_1_119' title='bbox 616 2229 647 2276; x_wconf 88' lang='lat' dir='ltr'>et</span> <span class='ocrx_word' id='word_1_120' title='bbox 670 2214 772 2277; x_wconf 86' lang='lat' dir='ltr'>furem</span> <span class='ocrx_word' id='word_1_121' title='bbox 798 2217 898 2298; x_wconf 90' lang='lat' dir='ltr'>ipsius</span> <span class='ocrx_word' id='word_1_122' title='bbox 922 2217 1004 2278; x_wconf 90' lang='lat' dir='ltr'>croci</span> <span class='ocrx_word' id='word_1_123' title='bbox 1030 2217 1198 2278; x_wconf 88' lang='lat' dir='ltr'>nescirent.</span> 
     </span>
    </p>

    <p class='ocr_par' dir='ltr' id='par_1_11' title="bbox 211 2321 1478 2828">
     <span class='ocr_line' id='line_1_19' title="bbox 320 2321 1477 2403; baseline 0.002 -21"><span class='ocrx_word' id='word_1_124' title='bbox 320 2321 399 2382; x_wconf 90' lang='lat' dir='ltr'>Item</span> <span class='ocrx_word' id='word_1_125' title='bbox 428 2321 504 2403; x_wconf 88' lang='lat' dir='ltr'>quia</span> <span class='ocrx_word' id='word_1_126' title='bbox 537 2322 693 2383; x_wconf 89' lang='lat' dir='ltr'>Martinus</span> <span class='ocrx_word' id='word_1_127' title='bbox 724 2322 894 2403; x_wconf 86' lang='lat' dir='ltr'>Zequirich</span> <span class='ocrx_word' id='word_1_128' title='bbox 926 2323 1096 2384; x_wconf 85' lang='lat' dir='ltr'>Nicolaum</span> <span class='ocrx_word' id='word_1_129' title='bbox 1128 2322 1235 2384; x_wconf 83' lang='lat' dir='ltr'>rufum</span> <span class='ocrx_word' id='word_1_130' title='bbox 1268 2322 1405 2385; x_wconf 87' lang='lat' dir='ltr'>condam</span> <span class='ocrx_word' id='word_1_131' title='bbox 1430 2321 1477 2402; x_wconf 88' lang='lat' dir='ltr'>ju·</span> 
     </span>
     <span class='ocr_line' id='line_1_20' title="bbox 214 2427 1478 2511; baseline 0.002 -23"><span class='ocrx_word' id='word_1_132' title='bbox 214 2427 317 2489; x_wconf 88' lang='lat' dir='ltr'>dicem</span> <span class='ocrx_word' id='word_1_133' title='bbox 344 2427 376 2487; x_wconf 91' lang='lat' dir='ltr'>in</span> <span class='ocrx_word' id='word_1_134' title='bbox 402 2440 508 2490; x_wconf 88' lang='lat' dir='ltr'>nostra</span> <span class='ocrx_word' id='word_1_135' title='bbox 533 2427 608 2489; x_wconf 88' lang='lat' dir='ltr'>sede</span> <span class='ocrx_word' id='word_1_136' title='bbox 641 2427 807 2509; x_wconf 87' lang='lat' dir='ltr'>judiciaria</span> <span class='ocrx_word' id='word_1_137' title='bbox 835 2428 941 2491; x_wconf 85' lang='lat' dir='ltr'>verbis</span> <span class='ocrx_word' id='word_1_138' title='bbox 963 2429 1111 2511; x_wconf 87' lang='lat' dir='ltr'>turpibus</span> <span class='ocrx_word' id='word_1_139' title='bbox 1142 2429 1306 2507; x_wconf 88' lang='lat' dir='ltr'>affecisset,</span> <span class='ocrx_word' id='word_1_140' title='bbox 1331 2448 1407 2509; x_wconf 89' lang='lat' dir='ltr'>ergo</span> <span class='ocrx_word' id='word_1_141' title='bbox 1431 2443 1478 2490; x_wconf 90' lang='lat' dir='ltr'>est</span> 
     </span>
     <span class='ocr_line' id='line_1_21' title="bbox 214 2531 1477 2615; baseline 0.001 -22"><span class='ocrx_word' id='word_1_142' title='bbox 214 2532 245 2594; x_wconf 94' lang='lat' dir='ltr'>in</span> <span class='ocrx_word' id='word_1_143' title='bbox 271 2533 300 2594; x_wconf 84' lang='lat' dir='ltr'>X</span> <span class='ocrx_word' id='word_1_144' title='bbox 325 2533 440 2594; x_wconf 88' lang='lat' dir='ltr'>marcis</span> <span class='ocrx_word' id='word_1_145' title='bbox 463 2531 728 2615; x_wconf 85' lang='lat' dir='ltr'>condempnatus,</span> <span class='ocrx_word' id='word_1_146' title='bbox 753 2547 787 2595; x_wconf 94' lang='lat' dir='ltr'>ut</span> <span class='ocrx_word' id='word_1_147' title='bbox 810 2534 836 2594; x_wconf 90' lang='lat' dir='ltr'>si</span> <span class='ocrx_word' id='word_1_148' title='bbox 860 2533 899 2594; x_wconf 89' lang='lat' dir='ltr'>de</span> <span class='ocrx_word' id='word_1_149' title='bbox 917 2548 1023 2596; x_wconf 89' lang='lat' dir='ltr'>cetero</span> <span class='ocrx_word' id='word_1_150' title='bbox 1048 2534 1079 2594; x_wconf 92' lang='lat' dir='ltr'>in</span> <span class='ocrx_word' id='word_1_151' title='bbox 1104 2533 1159 2595; x_wconf 87' lang='lat' dir='ltr'>tali</span> <span class='ocrx_word' id='word_1_152' title='bbox 1176 2534 1309 2595; x_wconf 89' lang='lat' dir='ltr'>crimine</span> <span class='ocrx_word' id='word_1_153' title='bbox 1327 2533 1477 2595; x_wconf 84' lang='lat' dir='ltr'>inventus</span> 
     </span>
     <span class='ocr_line' id='line_1_22' title="bbox 212 2637 1476 2721; baseline 0 -21"><span class='ocrx_word' id='word_1_154' title='bbox 212 2637 329 2719; x_wconf 86' lang='lat' dir='ltr'>luerit,</span> <span class='ocrx_word' id='word_1_155' title='bbox 363 2638 540 2701; x_wconf 90' lang='lat' dir='ltr'>secundum</span> <span class='ocrx_word' id='word_1_156' title='bbox 577 2638 783 2721; x_wconf 88' lang='lat' dir='ltr'>privilegium</span> <span class='ocrx_word' id='word_1_157' title='bbox 822 2639 959 2702; x_wconf 87' lang='lat' dir='ltr'>civitatis</span> <span class='ocrx_word' id='word_1_158' title='bbox 994 2654 1099 2701; x_wconf 90' lang='lat' dir='ltr'>nostre</span> <span class='ocrx_word' id='word_1_159' title='bbox 1144 2639 1283 2701; x_wconf 89' lang='lat' dir='ltr'>vindicta</span> <span class='ocrx_word' id='word_1_160' title='bbox 1330 2639 1370 2700; x_wconf 90' lang='lat' dir='ltr'>de</span> <span class='ocrx_word' id='word_1_161' title='bbox 1406 2639 1476 2721; x_wconf 93' lang='lat' dir='ltr'>ipso</span> 
     </span>
     <span class='ocr_line' id='line_1_23' title="bbox 211 2758 422 2828; baseline 0 -21"><span class='ocrx_word' id='word_1_162' title='bbox 211 2758 422 2828; x_wconf 86' lang='lat' dir='ltr'>sumpmatur.</span> 
     </span>
    </p>

    <p class='ocr_par' dir='ltr' id='par_1_12' title="bbox 210 2850 1474 3041">
     <span class='ocr_line' id='line_1_24' title="bbox 317 2850 1474 2933; baseline 0 -20"><span class='ocrx_word' id='word_1_163' title='bbox 317 2852 395 2913; x_wconf 92' lang='lat' dir='ltr'>Item</span> <span class='ocrx_word' id='word_1_164' title='bbox 420 2850 560 2913; x_wconf 89' lang='lat' dir='ltr'>Bedicha</span> <span class='ocrx_word' id='word_1_165' title='bbox 585 2851 725 2913; x_wconf 83' lang='lat' dir='ltr'>carnifex</span> <span class='ocrx_word' id='word_1_166' title='bbox 757 2864 867 2914; x_wconf 89' lang='lat' dir='ltr'>contra</span> <span class='ocrx_word' id='word_1_167' title='bbox 898 2851 1076 2932; x_wconf 86' lang='lat' dir='ltr'>Georgium</span> <span class='ocrx_word' id='word_1_168' title='bbox 1107 2864 1261 2914; x_wconf 87' lang='lat' dir='ltr'>sartorem</span> <span class='ocrx_word' id='word_1_169' title='bbox 1293 2851 1398 2933; x_wconf 92' lang='lat' dir='ltr'>primo</span> <span class='ocrx_word' id='word_1_170' title='bbox 1430 2852 1474 2913; x_wconf 94' lang='lat' dir='ltr'>ci·</span> 
     </span>
     <span class='ocr_line' id='line_1_25' title="bbox 210 2959 596 3041; baseline 0.003 -21"><span class='ocrx_word' id='word_1_171' title='bbox 210 2970 293 3020; x_wconf 88' lang='lat' dir='ltr'>tatus</span> <span class='ocrx_word' id='word_1_172' title='bbox 316 2977 382 3020; x_wconf 92' lang='lat' dir='ltr'>non</span> <span class='ocrx_word' id='word_1_173' title='bbox 406 2959 596 3041; x_wconf 89' lang='lat' dir='ltr'>comparuit.</span> 
     </span>
    </p>

    <p class='ocr_par' dir='ltr' id='par_1_13' title="bbox 210 3062 1475 3234">
     <span class='ocr_line' id='line_1_26' title="bbox 320 3062 1475 3145; baseline -0.001 -19"><span class='ocrx_word' id='word_1_174' title='bbox 320 3064 397 3127; x_wconf 88' lang='lat' dir='ltr'>ltem</span> <span class='ocrx_word' id='word_1_175' title='bbox 422 3064 530 3126; x_wconf 90' lang='lat' dir='ltr'>Mathe</span> <span class='ocrx_word' id='word_1_176' title='bbox 555 3078 585 3126; x_wconf 95' lang='lat' dir='ltr'>et</span> <span class='ocrx_word' id='word_1_177' title='bbox 610 3064 728 3126; x_wconf 90' lang='lat' dir='ltr'>Paulus</span> <span class='ocrx_word' id='word_1_178' title='bbox 745 3063 923 3127; x_wconf 90' lang='lat' dir='ltr'>Clementis</span> <span class='ocrx_word' id='word_1_179' title='bbox 946 3062 1026 3125; x_wconf 86' lang='lat' dir='ltr'>labri</span> <span class='ocrx_word' id='word_1_180' title='bbox 1052 3076 1083 3125; x_wconf 92' lang='lat' dir='ltr'>et</span> <span class='ocrx_word' id='word_1_181' title='bbox 1106 3063 1214 3125; x_wconf 84' lang='lat' dir='ltr'>uxoris</span> <span class='ocrx_word' id='word_1_182' title='bbox 1231 3062 1362 3145; x_wconf 87' lang='lat' dir='ltr'>Georgii</span> <span class='ocrx_word' id='word_1_183' title='bbox 1388 3063 1475 3125; x_wconf 89' lang='lat' dir='ltr'>Tece</span> 
     </span>
     <span class='ocr_line' id='line_1_27' title="bbox 210 3170 919 3234; baseline 0 -2"><span class='ocrx_word' id='word_1_184' title='bbox 210 3170 397 3232; x_wconf 87' lang='lat' dir='ltr'>testimonio</span> <span class='ocrx_word' id='word_1_185' title='bbox 422 3184 536 3233; x_wconf 88' lang='lat' dir='ltr'>octavo</span> <span class='ocrx_word' id='word_1_186' title='bbox 560 3171 612 3232; x_wconf 91' lang='lat' dir='ltr'>die</span> <span class='ocrx_word' id='word_1_187' title='bbox 636 3191 669 3234; x_wconf 87' lang='lat' dir='ltr'>se</span> <span class='ocrx_word' id='word_1_188' title='bbox 692 3171 919 3232; x_wconf 88' lang='lat' dir='ltr'>submiserunt.</span> 
     </span>
    </p>
   </div>
   <div class='ocr_carea' id='block_1_2' title="bbox 225 3405 1453 3499">
    <p class='ocr_par' dir='ltr' id='par_1_14' title="bbox 225 3405 1453 3499">
     <span class='ocr_line' id='line_1_28' title="bbox 225 3405 1453 3499; baseline -0.002 -18"><span class='ocrx_word' id='word_1_189' title='bbox 225 3405 325 3481; x_wconf 84' lang='lat' dir='ltr'>Ferla</span> <span class='ocrx_word' id='word_1_190' title='bbox 353 3411 461 3481; x_wconf 87' lang='lat' dir='ltr'>tercia</span> <span class='ocrx_word' id='word_1_191' title='bbox 486 3411 641 3498; x_wconf 84' lang='lat' dir='ltr'>proxima</span> <span class='ocrx_word' id='word_1_192' title='bbox 671 3416 748 3498; x_wconf 90' lang='lat' dir='ltr'>post</span> <span class='ocrx_word' id='word_1_193' title='bbox 775 3408 898 3481; x_wconf 79' lang='lat' dir='ltr'>festum</span> <span class='ocrx_word' id='word_1_194' title='bbox 923 3411 1013 3481; x_wconf 87' lang='lat' dir='ltr'>beati</span> <span class='ocrx_word' id='word_1_195' title='bbox 1042 3408 1270 3481; x_wconf 87' lang='lat' dir='ltr'>Bartholomei</span> <span class='ocrx_word' id='word_1_196' title='bbox 1298 3409 1453 3499; x_wconf 87' lang='lat' dir='ltr'>apostoli.</span> 
     </span>
    </p>
   </div>
   <div class='ocr_carea' id='block_1_3' title="bbox 724 3566 953 3640">
    <p class='ocr_par' dir='ltr' id='par_1_15' title="bbox 724 3566 953 3640">
     <span class='ocr_line' id='line_1_29' title="bbox 724 3566 953 3640; baseline 0.017 -20"><span class='ocrx_word' id='word_1_197' title='bbox 724 3566 787 3640; x_wconf 82' lang='lat'>(25.</span> <span class='ocrx_word' id='word_1_198' title='bbox 811 3566 953 3639; x_wconf 79' lang='lat' dir='ltr'>augusti).</span> 
     </span>
    </p>
   </div>
   <div class='ocr_carea' id='block_1_4' title="bbox 205 3704 1470 4851">
    <p class='ocr_par' dir='ltr' id='par_1_16' title="bbox 208 3704 1470 3894">
     <span class='ocr_line' id='line_1_30' title="bbox 313 3704 1470 3788; baseline -0.002 -22"><span class='ocrx_word' id='word_1_199' title='bbox 313 3704 423 3767; x_wconf 91' lang='lat' dir='ltr'>Primo</span> <span class='ocrx_word' id='word_1_200' title='bbox 446 3706 585 3768; x_wconf 89' lang='lat' dir='ltr'>Jacobus</span> <span class='ocrx_word' id='word_1_201' title='bbox 607 3704 739 3788; x_wconf 83' lang='lat' dir='ltr'>pellifex</span> <span class='ocrx_word' id='word_1_202' title='bbox 763 3719 872 3767; x_wconf 92' lang='lat' dir='ltr'>contra</span> <span class='ocrx_word' id='word_1_203' title='bbox 891 3704 1084 3786; x_wconf 87' lang='lat' dir='ltr'>Gregorium</span> <span class='ocrx_word' id='word_1_204' title='bbox 1109 3704 1251 3767; x_wconf 89' lang='lat' dir='ltr'>secundo</span> <span class='ocrx_word' id='word_1_205' title='bbox 1269 3705 1382 3766; x_wconf 91' lang='lat' dir='ltr'>citatus</span> <span class='ocrx_word' id='word_1_206' title='bbox 1405 3723 1470 3765; x_wconf 93' lang='lat' dir='ltr'>non</span> 
     </span>
     <span class='ocr_line' id='line_1_31' title="bbox 208 3812 397 3894; baseline 0 -20"><span class='ocrx_word' id='word_1_207' title='bbox 208 3812 397 3894; x_wconf 89' lang='lat' dir='ltr'>comparuit.</span> 
     </span>
    </p>

    <p class='ocr_par' dir='ltr' id='par_1_17' title="bbox 208 3917 1470 4107">
     <span class='ocr_line' id='line_1_32' title="bbox 313 3917 1470 4001; baseline -0.001 -22"><span class='ocrx_word' id='word_1_208' title='bbox 313 3917 391 3980; x_wconf 90' lang='lat' dir='ltr'>Item</span> <span class='ocrx_word' id='word_1_209' title='bbox 416 3937 510 3979; x_wconf 88' lang='lat' dir='ltr'>causa</span> <span class='ocrx_word' id='word_1_210' title='bbox 535 3917 683 4001; x_wconf 88' lang='lat' dir='ltr'>Dyonisii</span> <span class='ocrx_word' id='word_1_211' title='bbox 712 3918 828 3981; x_wconf 87' lang='lat' dir='ltr'>sutoris</span> <span class='ocrx_word' id='word_1_212' title='bbox 859 3932 890 3980; x_wconf 93' lang='lat' dir='ltr'>et</span> <span class='ocrx_word' id='word_1_213' title='bbox 914 3917 1066 4001; x_wconf 89' lang='lat' dir='ltr'>Stephani</span> <span class='ocrx_word' id='word_1_214' title='bbox 1099 3918 1226 3999; x_wconf 90' lang='lat' dir='ltr'>generis</span> <span class='ocrx_word' id='word_1_215' title='bbox 1250 3917 1361 3979; x_wconf 91' lang='lat' dir='ltr'>Touth</span> <span class='ocrx_word' id='word_1_216' title='bbox 1386 3917 1470 3978; x_wconf 87' lang='lat' dir='ltr'>Petri</span> 
     </span>
     <span class='ocr_line' id='line_1_33' title="bbox 208 4023 1470 4107; baseline -0.001 -22"><span class='ocrx_word' id='word_1_217' title='bbox 208 4034 255 4085; x_wconf 91' lang='lat' dir='ltr'>est</span> <span class='ocrx_word' id='word_1_218' title='bbox 279 4036 353 4106; x_wconf 86' lang='lat' dir='ltr'>post</span> <span class='ocrx_word' id='word_1_219' title='bbox 376 4024 550 4085; x_wconf 88' lang='lat' dir='ltr'>adventurn</span> <span class='ocrx_word' id='word_1_220' title='bbox 576 4024 675 4106; x_wconf 90' lang='lat' dir='ltr'>ipsius</span> <span class='ocrx_word' id='word_1_221' title='bbox 700 4023 852 4106; x_wconf 86' lang='lat' dir='ltr'>Stephani</span> <span class='ocrx_word' id='word_1_222' title='bbox 878 4024 917 4085; x_wconf 89' lang='lat' dir='ltr'>ad</span> <span class='ocrx_word' id='word_1_223' title='bbox 941 4025 1081 4107; x_wconf 90' lang='lat' dir='ltr'>primurn</span> <span class='ocrx_word' id='word_1_224' title='bbox 1106 4023 1262 4105; x_wconf 91' lang='lat' dir='ltr'>judicium</span> <span class='ocrx_word' id='word_1_225' title='bbox 1287 4036 1470 4106; x_wconf 84' lang='lat' dir='ltr'>prorogata.</span> 
     </span>
    </p>

    <p class='ocr_par' dir='ltr' id='par_1_18' title="bbox 312 4128 1414 4212">
     <span class='ocr_line' id='line_1_34' title="bbox 312 4128 1414 4212; baseline 0.001 -21"><span class='ocrx_word' id='word_1_226' title='bbox 312 4130 390 4192; x_wconf 90' lang='lat' dir='ltr'>Item</span> <span class='ocrx_word' id='word_1_227' title='bbox 416 4129 532 4191; x_wconf 83' lang='lat' dir='ltr'>Jaltech</span> <span class='ocrx_word' id='word_1_228' title='bbox 557 4144 666 4192; x_wconf 86' lang='lat' dir='ltr'>contra</span> <span class='ocrx_word' id='word_1_229' title='bbox 693 4128 845 4212; x_wconf 79' lang='lat' dir='ltr'>Gyurgelt</span> <span class='ocrx_word' id='word_1_230' title='bbox 869 4130 973 4212; x_wconf 93' lang='lat' dir='ltr'>primo</span> <span class='ocrx_word' id='word_1_231' title='bbox 997 4131 1110 4193; x_wconf 86' lang='lat' dir='ltr'>citatus</span> <span class='ocrx_word' id='word_1_232' title='bbox 1134 4150 1199 4192; x_wconf 93' lang='lat' dir='ltr'>non</span> <span class='ocrx_word' id='word_1_233' title='bbox 1224 4130 1414 4212; x_wconf 85' lang='lat' dir='ltr'>comparuit.</span> 
     </span>
    </p>

    <p class='ocr_par' dir='ltr' id='par_1_19' title="bbox 205 4235 1468 4425">
     <span class='ocr_line' id='line_1_35' title="bbox 314 4235 1468 4319; baseline -0.002 -20"><span class='ocrx_word' id='word_1_234' title='bbox 314 4237 391 4299; x_wconf 87' lang='lat' dir='ltr'>ltem</span> <span class='ocrx_word' id='word_1_235' title='bbox 417 4235 577 4317; x_wconf 86' lang='lat' dir='ltr'>Georgius</span> <span class='ocrx_word' id='word_1_236' title='bbox 602 4236 775 4298; x_wconf 82' lang='lat' dir='ltr'>Milouche</span> <span class='ocrx_word' id='word_1_237' title='bbox 799 4249 908 4299; x_wconf 88' lang='lat' dir='ltr'>contra</span> <span class='ocrx_word' id='word_1_238' title='bbox 933 4236 1058 4299; x_wconf 90' lang='lat' dir='ltr'>Petrich</span> <span class='ocrx_word' id='word_1_239' title='bbox 1083 4236 1264 4299; x_wconf 89' lang='lat' dir='ltr'>carnificem</span> <span class='ocrx_word' id='word_1_240' title='bbox 1288 4237 1394 4319; x_wconf 91' lang='lat' dir='ltr'>primo</span> <span class='ocrx_word' id='word_1_241' title='bbox 1426 4236 1468 4297; x_wconf 91' lang='lat' dir='ltr'>ci·</span> 
     </span>
     <span class='ocr_line' id='line_1_36' title="bbox 205 4343 595 4425; baseline -0.005 -19"><span class='ocrx_word' id='word_1_242' title='bbox 205 4356 290 4406; x_wconf 89' lang='lat' dir='ltr'>tatus</span> <span class='ocrx_word' id='word_1_243' title='bbox 315 4363 380 4405; x_wconf 91' lang='lat' dir='ltr'>non</span> <span class='ocrx_word' id='word_1_244' title='bbox 405 4343 595 4425; x_wconf 90' lang='lat' dir='ltr'>comparuit.</span> 
     </span>
    </p>

    <p class='ocr_par' dir='ltr' id='par_1_20' title="bbox 206 4445 1468 4640">
     <span class='ocr_line' id='line_1_37' title="bbox 313 4445 1468 4511; baseline -0.003 -1"><span class='ocrx_word' id='word_1_245' title='bbox 313 4450 390 4511; x_wconf 88' lang='lat' dir='ltr'>Item</span> <span class='ocrx_word' id='word_1_246' title='bbox 416 4454 509 4510; x_wconf 83' lang='lat' dir='ltr'>Anna</span> <span class='ocrx_word' id='word_1_247' title='bbox 534 4469 612 4511; x_wconf 82' lang='lat' dir='ltr'>uxor</span> <span class='ocrx_word' id='word_1_248' title='bbox 639 4449 723 4510; x_wconf 88' lang='lat' dir='ltr'>lwan</span> <span class='ocrx_word' id='word_1_249' title='bbox 741 4463 855 4511; x_wconf 88' lang='lat' dir='ltr'>octavo</span> <span class='ocrx_word' id='word_1_250' title='bbox 880 4449 932 4510; x_wconf 89' lang='lat' dir='ltr'>die</span> <span class='ocrx_word' id='word_1_251' title='bbox 957 4462 1066 4510; x_wconf 87' lang='lat' dir='ltr'>contra</span> <span class='ocrx_word' id='word_1_252' title='bbox 1084 4448 1255 4510; x_wconf 87' lang='lat' dir='ltr'>Nicolaum</span> <span class='ocrx_word' id='word_1_253' title='bbox 1280 4466 1313 4508; x_wconf 87' lang='lat' dir='ltr'>se</span> <span class='ocrx_word' id='word_1_254' title='bbox 1328 4445 1468 4507; x_wconf 87' lang='lat' dir='ltr'>secunda</span> 
     </span>
     <span class='ocr_line' id='line_1_38' title="bbox 206 4552 1276 4640; baseline -0.005 -21"><span class='ocrx_word' id='word_1_255' title='bbox 206 4557 324 4640; x_wconf 81' lang='lat' dir='ltr'>jurabit</span> <span class='ocrx_word' id='word_1_256' title='bbox 348 4557 378 4618; x_wconf 91' lang='lat' dir='ltr'>in</span> <span class='ocrx_word' id='word_1_257' title='bbox 404 4576 454 4635; x_wconf 89' lang='lat' dir='ltr'>eo,</span> <span class='ocrx_word' id='word_1_258' title='bbox 479 4556 567 4637; x_wconf 92' lang='lat' dir='ltr'>quod</span> <span class='ocrx_word' id='word_1_259' title='bbox 591 4556 659 4639; x_wconf 87' lang='lat' dir='ltr'>ipsa</span> <span class='ocrx_word' id='word_1_260' title='bbox 683 4576 744 4617; x_wconf 87' lang='lat' dir='ltr'>uva</span> <span class='ocrx_word' id='word_1_261' title='bbox 769 4557 801 4617; x_wconf 91' lang='lat' dir='ltr'>in</span> <span class='ocrx_word' id='word_1_262' title='bbox 826 4575 882 4616; x_wconf 90' lang='lat' dir='ltr'>sua</span> <span class='ocrx_word' id='word_1_263' title='bbox 906 4556 998 4616; x_wconf 89' lang='lat' dir='ltr'>vinea</span> <span class='ocrx_word' id='word_1_264' title='bbox 1024 4574 1089 4616; x_wconf 92' lang='lat' dir='ltr'>non</span> <span class='ocrx_word' id='word_1_265' title='bbox 1114 4552 1276 4615; x_wconf 85' lang='lat' dir='ltr'>furaverit.</span> 
     </span>
    </p>

    <p class='ocr_par' dir='ltr' id='par_1_21' title="bbox 206 4659 1465 4851">
     <span class='ocr_line' id='line_1_39' title="bbox 312 4659 1465 4745; baseline -0.004 -21"><span class='ocrx_word' id='word_1_266' title='bbox 312 4662 389 4724; x_wconf 90' lang='lat' dir='ltr'>ltem</span> <span class='ocrx_word' id='word_1_267' title='bbox 416 4663 528 4724; x_wconf 90' lang='lat' dir='ltr'>Petrus</span> <span class='ocrx_word' id='word_1_268' title='bbox 552 4675 583 4725; x_wconf 92' lang='lat' dir='ltr'>et</span> <span class='ocrx_word' id='word_1_269' title='bbox 608 4662 788 4745; x_wconf 87' lang='lat' dir='ltr'>Stephanus</span> <span class='ocrx_word' id='word_1_270' title='bbox 819 4675 929 4724; x_wconf 87' lang='lat' dir='ltr'>contra</span> <span class='ocrx_word' id='word_1_271' title='bbox 961 4661 1119 4722; x_wconf 88' lang='lat' dir='ltr'>Marinam</span> <span class='ocrx_word' id='word_1_272' title='bbox 1144 4659 1249 4740; x_wconf 92' lang='lat' dir='ltr'>primo</span> <span class='ocrx_word' id='word_1_273' title='bbox 1282 4659 1368 4720; x_wconf 89' lang='lat' dir='ltr'>citati</span> <span class='ocrx_word' id='word_1_274' title='bbox 1401 4678 1465 4721; x_wconf 92' lang='lat' dir='ltr'>non</span> 
     </span>
     <span class='ocr_line' id='line_1_40' title="bbox 206 4782 467 4851; baseline 0.004 -21"><span class='ocrx_word' id='word_1_275' title='bbox 206 4782 467 4851; x_wconf 84' lang='lat' dir='ltr'>comparuerunt.</span> 
     </span>
    </p>
   </div>
   <div class='ocr_carea' id='block_1_5' title="bbox 0 0 1740 5234">
    <p class='ocr_par' dir='ltr' id='par_1_22' title="bbox 0 0 1740 5234">
     <span class='ocr_line' id='line_1_41' title="bbox 0 0 1740 5234; baseline 0 4"><span class='ocrx_word' id='word_1_276' title='bbox 0 0 1740 5234; x_wconf 95' lang='lat' dir='ltr'> </span> 
     </span>
    </p>
   </div>
  </div>
 </body>
</html>
