<?xml version="1.0" encoding="UTF-8"?>
<!DOCTYPE html PUBLIC "-//W3C//DTD XHTML 1.0 Transitional//EN"
    "http://www.w3.org/TR/xhtml1/DTD/xhtml1-transitional.dtd">
<html xmlns="http://www.w3.org/1999/xhtml" xml:lang="en" lang="en">
 <head>
  <title>
</title>
<meta http-equiv="Content-Type" content="text/html;charset=utf-8" />
  <meta name='ocr-system' content='tesseract 3.04.00' />
  <meta name='ocr-capabilities' content='ocr_page ocr_carea ocr_par ocr_line ocrx_word'/>
</head>
<body>
  <div class='ocr_page' id='page_1' title='image "./monumentahistor09laszgoog/monumentahistor09laszgoog_0387.png"; bbox 0 0 3472 5234; ppageno 0'>
   <div class='ocr_carea' id='block_1_1' title="bbox 235 291 1501 2152">
    <p class='ocr_par' dir='ltr' id='par_1_1' title="bbox 646 291 1492 374">
     <span class='ocr_line' id='line_1_1' title="bbox 646 291 1492 374; baseline 0.006 -25"><span class='ocrx_word' id='word_1_1' title='bbox 646 291 846 367; x_wconf 80' lang='lat' dir='ltr'>Ann01390.</span> <span class='ocrx_word' id='word_1_2' title='bbox 873 325 913 335; x_wconf 91' lang='lat'>—</span> <span class='ocrx_word' id='word_1_3' title='bbox 938 304 984 367; x_wconf 84' lang='lat'>15.</span> <span class='ocrx_word' id='word_1_4' title='bbox 1002 294 1085 369; x_wconf 83' lang='lat' dir='ltr'>julri&#39;.</span> <span class='ocrx_word' id='word_1_5' title='bbox 1436 314 1492 374; x_wconf 81' lang='lat'>33¹</span> 
     </span>
    </p>

    <p class='ocr_par' dir='ltr' id='par_1_2' title="bbox 241 499 1501 670">
     <span class='ocr_line' id='line_1_2' title="bbox 345 499 1501 584; baseline 0.003 -23"><span class='ocrx_word' id='word_1_6' title='bbox 345 500 423 562; x_wconf 88' lang='lat' dir='ltr'>Item</span> <span class='ocrx_word' id='word_1_7' title='bbox 449 501 558 564; x_wconf 91' lang='lat' dir='ltr'>relicta</span> <span class='ocrx_word' id='word_1_8' title='bbox 584 499 730 583; x_wconf 88' lang='lat' dir='ltr'>Mathyas</span> <span class='ocrx_word' id='word_1_9' title='bbox 747 501 876 563; x_wconf 88' lang='lat' dir='ltr'>Andree</span> <span class='ocrx_word' id='word_1_10' title='bbox 900 522 1001 584; x_wconf 92' lang='lat' dir='ltr'>usque</span> <span class='ocrx_word' id='word_1_11' title='bbox 1019 502 1199 584; x_wconf 86' lang='lat' dir='ltr'>quindenas</span> <span class='ocrx_word' id='word_1_12' title='bbox 1222 523 1275 565; x_wconf 85' lang='lat' dir='ltr'>sex</span> <span class='ocrx_word' id='word_1_13' title='bbox 1300 523 1421 565; x_wconf 90' lang='lat' dir='ltr'>marcas</span> <span class='ocrx_word' id='word_1_14' title='bbox 1438 503 1501 565; x_wconf 91' lang='lat' dir='ltr'>sol-</span> 
     </span>
     <span class='ocr_line' id='line_1_3' title="bbox 241 606 443 670; baseline 0.02 -4"><span class='ocrx_word' id='word_1_15' title='bbox 241 625 314 668; x_wconf 85' lang='lat' dir='ltr'>vere</span> <span class='ocrx_word' id='word_1_16' title='bbox 338 606 443 670; x_wconf 90' lang='lat' dir='ltr'>debet.</span> 
     </span>
    </p>

    <p class='ocr_par' dir='ltr' id='par_1_3' title="bbox 237 710 1501 900">
     <span class='ocr_line' id='line_1_4' title="bbox 345 710 1501 776; baseline 0.001 -3"><span class='ocrx_word' id='word_1_17' title='bbox 345 710 423 773; x_wconf 90' lang='lat' dir='ltr'>Item</span> <span class='ocrx_word' id='word_1_18' title='bbox 448 712 611 774; x_wconf 84' lang='lat' dir='ltr'>Iohannes</span> <span class='ocrx_word' id='word_1_19' title='bbox 635 727 666 774; x_wconf 93' lang='lat' dir='ltr'>et</span> <span class='ocrx_word' id='word_1_20' title='bbox 699 712 836 774; x_wconf 89' lang='lat' dir='ltr'>Iacobus</span> <span class='ocrx_word' id='word_1_21' title='bbox 869 725 978 774; x_wconf 80' lang='lat' dir='ltr'>contra</span> <span class='ocrx_word' id='word_1_22' title='bbox 1004 711 1082 775; x_wconf 85' lang='lat' dir='ltr'>Scof</span> <span class='ocrx_word' id='word_1_23' title='bbox 1110 713 1300 776; x_wconf 78' lang='lat' dir='ltr'>secundario</span> <span class='ocrx_word' id='word_1_24' title='bbox 1325 713 1410 775; x_wconf 85' lang='lat' dir='ltr'>citati</span> <span class='ocrx_word' id='word_1_25' title='bbox 1435 733 1501 775; x_wconf 89' lang='lat' dir='ltr'>non</span> 
     </span>
     <span class='ocr_line' id='line_1_5' title="bbox 237 830 497 900; baseline 0 -20"><span class='ocrx_word' id='word_1_26' title='bbox 237 830 497 900; x_wconf 89' lang='lat' dir='ltr'>comparuerunt.</span> 
     </span>
    </p>

    <p class='ocr_par' dir='ltr' id='par_1_4' title="bbox 343 923 1500 1007">
     <span class='ocr_line' id='line_1_6' title="bbox 343 923 1500 1007; baseline 0.001 -21"><span class='ocrx_word' id='word_1_27' title='bbox 343 925 421 986; x_wconf 93' lang='lat' dir='ltr'>Item</span> <span class='ocrx_word' id='word_1_28' title='bbox 439 923 679 987; x_wconf 88' lang='lat' dir='ltr'>Orosnikouich</span> <span class='ocrx_word' id='word_1_29' title='bbox 698 937 807 988; x_wconf 89' lang='lat' dir='ltr'>contra</span> <span class='ocrx_word' id='word_1_30' title='bbox 826 924 969 986; x_wconf 86' lang='lat' dir='ltr'>Marcum</span> <span class='ocrx_word' id='word_1_31' title='bbox 982 925 1086 1007; x_wconf 91' lang='lat' dir='ltr'>primo</span> <span class='ocrx_word' id='word_1_32' title='bbox 1105 925 1218 987; x_wconf 89' lang='lat' dir='ltr'>citatus</span> <span class='ocrx_word' id='word_1_33' title='bbox 1231 944 1295 987; x_wconf 90' lang='lat' dir='ltr'>non</span> <span class='ocrx_word' id='word_1_34' title='bbox 1311 925 1500 1007; x_wconf 83' lang='lat' dir='ltr'>comparuit.</span> 
     </span>
    </p>

    <p class='ocr_par' dir='ltr' id='par_1_5' title="bbox 344 1030 1500 1113">
     <span class='ocr_line' id='line_1_7' title="bbox 344 1030 1500 1113; baseline 0 -21"><span class='ocrx_word' id='word_1_35' title='bbox 344 1030 421 1092; x_wconf 90' lang='lat' dir='ltr'>Item</span> <span class='ocrx_word' id='word_1_36' title='bbox 441 1030 670 1093; x_wconf 86' lang='lat' dir='ltr'>Stachunarich</span> <span class='ocrx_word' id='word_1_37' title='bbox 695 1044 805 1093; x_wconf 88' lang='lat' dir='ltr'>contra</span> <span class='ocrx_word' id='word_1_38' title='bbox 824 1030 957 1113; x_wconf 87' lang='lat' dir='ltr'>Jursych</span> <span class='ocrx_word' id='word_1_39' title='bbox 976 1030 1080 1113; x_wconf 92' lang='lat' dir='ltr'>primo</span> <span class='ocrx_word' id='word_1_40' title='bbox 1098 1031 1211 1093; x_wconf 90' lang='lat' dir='ltr'>citatus</span> <span class='ocrx_word' id='word_1_41' title='bbox 1228 1051 1293 1093; x_wconf 91' lang='lat' dir='ltr'>non</span> <span class='ocrx_word' id='word_1_42' title='bbox 1311 1032 1500 1113; x_wconf 85' lang='lat' dir='ltr'>comparuit.</span> 
     </span>
    </p>

    <p class='ocr_par' dir='ltr' id='par_1_6' title="bbox 237 1135 1500 1325">
     <span class='ocr_line' id='line_1_8' title="bbox 342 1135 1500 1219; baseline 0.001 -22"><span class='ocrx_word' id='word_1_43' title='bbox 342 1136 421 1198; x_wconf 83' lang='lat' dir='ltr'>Item</span> <span class='ocrx_word' id='word_1_44' title='bbox 446 1135 606 1217; x_wconf 83' lang='lat' dir='ltr'>Georgius</span> <span class='ocrx_word' id='word_1_45' title='bbox 630 1137 754 1202; x_wconf 89' lang='lat' dir='ltr'>Gochel</span> <span class='ocrx_word' id='word_1_46' title='bbox 778 1148 892 1198; x_wconf 88' lang='lat' dir='ltr'>octavo</span> <span class='ocrx_word' id='word_1_47' title='bbox 917 1137 968 1197; x_wconf 93' lang='lat' dir='ltr'>die</span> <span class='ocrx_word' id='word_1_48' title='bbox 1001 1137 1100 1198; x_wconf 88' lang='lat' dir='ltr'>tercio</span> <span class='ocrx_word' id='word_1_49' title='bbox 1124 1157 1157 1199; x_wconf 90' lang='lat' dir='ltr'>se</span> <span class='ocrx_word' id='word_1_50' title='bbox 1181 1157 1277 1219; x_wconf 89' lang='lat' dir='ltr'>super</span> <span class='ocrx_word' id='word_1_51' title='bbox 1301 1157 1339 1199; x_wconf 93' lang='lat' dir='ltr'>eo</span> <span class='ocrx_word' id='word_1_52' title='bbox 1373 1137 1500 1218; x_wconf 89' lang='lat' dir='ltr'>jurabit,</span> 
     </span>
     <span class='ocr_line' id='line_1_9' title="bbox 237 1240 1500 1325; baseline 0.003 -23"><span class='ocrx_word' id='word_1_53' title='bbox 237 1240 326 1322; x_wconf 90' lang='lat' dir='ltr'>quod</span> <span class='ocrx_word' id='word_1_54' title='bbox 352 1242 419 1324; x_wconf 80' lang='lat' dir='ltr'>Ipse</span> <span class='ocrx_word' id='word_1_55' title='bbox 443 1242 599 1324; x_wconf 86' lang='lat' dir='ltr'>quasdam</span> <span class='ocrx_word' id='word_1_56' title='bbox 625 1242 733 1324; x_wconf 83' lang='lat' dir='ltr'>fruges</span> <span class='ocrx_word' id='word_1_57' title='bbox 757 1242 928 1324; x_wconf 88' lang='lat' dir='ltr'>productas</span> <span class='ocrx_word' id='word_1_58' title='bbox 952 1242 1097 1304; x_wconf 91' lang='lat' dir='ltr'>volenter</span> <span class='ocrx_word' id='word_1_59' title='bbox 1121 1243 1249 1325; x_wconf 91' lang='lat' dir='ltr'>depasci</span> <span class='ocrx_word' id='word_1_60' title='bbox 1273 1263 1338 1304; x_wconf 93' lang='lat' dir='ltr'>non</span> <span class='ocrx_word' id='word_1_61' title='bbox 1364 1243 1500 1307; x_wconf 84' lang='lat' dir='ltr'><strong>fecisset.</strong></span> 
     </span>
    </p>

    <p class='ocr_par' dir='ltr' id='par_1_7' title="bbox 235 1346 1500 1638">
     <span class='ocr_line' id='line_1_10' title="bbox 344 1346 1500 1431; baseline 0.003 -23"><span class='ocrx_word' id='word_1_62' title='bbox 344 1347 421 1409; x_wconf 86' lang='lat' dir='ltr'>Item</span> <span class='ocrx_word' id='word_1_63' title='bbox 453 1347 540 1409; x_wconf 87' lang='lat' dir='ltr'>idem</span> <span class='ocrx_word' id='word_1_64' title='bbox 573 1346 733 1430; x_wconf 81' lang='lat' dir='ltr'>Georgius</span> <span class='ocrx_word' id='word_1_65' title='bbox 764 1362 874 1410; x_wconf 90' lang='lat' dir='ltr'>contra</span> <span class='ocrx_word' id='word_1_66' title='bbox 907 1348 1039 1431; x_wconf 89' lang='lat' dir='ltr'>Jursych</span> <span class='ocrx_word' id='word_1_67' title='bbox 1072 1361 1185 1410; x_wconf 90' lang='lat' dir='ltr'>octavo</span> <span class='ocrx_word' id='word_1_68' title='bbox 1217 1348 1270 1411; x_wconf 91' lang='lat' dir='ltr'>die</span> <span class='ocrx_word' id='word_1_69' title='bbox 1294 1349 1435 1411; x_wconf 89' lang='lat' dir='ltr'>secundo</span> <span class='ocrx_word' id='word_1_70' title='bbox 1467 1370 1500 1411; x_wconf 91' lang='lat' dir='ltr'>se</span> 
     </span>
     <span class='ocr_line' id='line_1_11' title="bbox 236 1431 1498 1538; baseline 0.002 -24"><span class='ocrx_word' id='word_1_71' title='bbox 236 1472 332 1535; x_wconf 91' lang='lat' dir='ltr'>super</span> <span class='ocrx_word' id='word_1_72' title='bbox 357 1471 395 1514; x_wconf 91' lang='lat' dir='ltr'>eo</span> <span class='ocrx_word' id='word_1_73' title='bbox 420 1453 547 1535; x_wconf 83' lang='lat' dir='ltr'>jurabit,</span> <span class='ocrx_word' id='word_1_74' title='bbox 572 1454 660 1536; x_wconf 92' lang='lat' dir='ltr'>quod</span> <span class='ocrx_word' id='word_1_75' title='bbox 685 1456 751 1538; x_wconf 87' lang='lat' dir='ltr'>ipse</span> <span class='ocrx_word' id='word_1_76' title='bbox 777 1431 932 1536; x_wconf 72' lang='lat' dir='ltr'>qu&#39;asdam</span> <span class='ocrx_word' id='word_1_77' title='bbox 960 1453 1067 1537; x_wconf 86' lang='lat' dir='ltr'>fruges</span> <span class='ocrx_word' id='word_1_78' title='bbox 1091 1474 1155 1517; x_wconf 92' lang='lat' dir='ltr'>non</span> <span class='ocrx_word' id='word_1_79' title='bbox 1180 1455 1253 1538; x_wconf 90' lang='lat' dir='ltr'>plus</span> <span class='ocrx_word' id='word_1_80' title='bbox 1277 1456 1336 1517; x_wconf 93' lang='lat' dir='ltr'>nisi</span> <span class='ocrx_word' id='word_1_81' title='bbox 1362 1475 1420 1538; x_wconf 92' lang='lat' dir='ltr'>pro</span> <span class='ocrx_word' id='word_1_82' title='bbox 1444 1456 1498 1517; x_wconf 92' lang='lat' dir='ltr'>tri·</span> 
     </span>
     <span class='ocr_line' id='line_1_12' title="bbox 235 1559 970 1638; baseline 0.004 -19"><span class='ocrx_word' id='word_1_83' title='bbox 235 1559 323 1638; x_wconf 80' lang='lat' dir='ltr'><strong>ginta</strong></span> <span class='ocrx_word' id='word_1_84' title='bbox 348 1560 455 1621; x_wconf 88' lang='lat' dir='ltr'>minus</span> <span class='ocrx_word' id='word_1_85' title='bbox 479 1559 603 1621; x_wconf 88' lang='lat' dir='ltr'>duabus</span> <span class='ocrx_word' id='word_1_86' title='bbox 627 1561 740 1622; x_wconf 88' lang='lat' dir='ltr'>marcis</span> <span class='ocrx_word' id='word_1_87' title='bbox 764 1561 970 1622; x_wconf 86' lang='lat' dir='ltr'>vendidisset.</span> 
     </span>
    </p>

    <p class='ocr_par' dir='ltr' id='par_1_8' title="bbox 236 1664 1498 1962">
     <span class='ocr_line' id='line_1_13' title="bbox 341 1664 1498 1750; baseline 0.002 -24"><span class='ocrx_word' id='word_1_88' title='bbox 341 1665 418 1727; x_wconf 92' lang='lat' dir='ltr'>Item</span> <span class='ocrx_word' id='word_1_89' title='bbox 444 1664 619 1747; x_wconf 82' lang='lat' dir='ltr'>Gregorius</span> <span class='ocrx_word' id='word_1_90' title='bbox 636 1668 750 1748; x_wconf 77' lang='lat' dir='ltr'>Angeli</span> <span class='ocrx_word' id='word_1_91' title='bbox 776 1668 863 1728; x_wconf 89' lang='lat' dir='ltr'>solus</span> <span class='ocrx_word' id='word_1_92' title='bbox 880 1686 975 1749; x_wconf 89' lang='lat' dir='ltr'>super</span> <span class='ocrx_word' id='word_1_93' title='bbox 992 1687 1030 1729; x_wconf 94' lang='lat' dir='ltr'>eo</span> <span class='ocrx_word' id='word_1_94' title='bbox 1057 1667 1185 1747; x_wconf 86' lang='lat' dir='ltr'>jurabit,</span> <span class='ocrx_word' id='word_1_95' title='bbox 1209 1667 1297 1749; x_wconf 92' lang='lat' dir='ltr'>quod</span> <span class='ocrx_word' id='word_1_96' title='bbox 1315 1668 1382 1750; x_wconf 93' lang='lat' dir='ltr'>ipse</span> <span class='ocrx_word' id='word_1_97' title='bbox 1399 1688 1498 1728; x_wconf 91' lang='lat' dir='ltr'>unam</span> 
     </span>
     <span class='ocr_line' id='line_1_14' title="bbox 236 1770 1497 1856; baseline 0.002 -25"><span class='ocrx_word' id='word_1_98' title='bbox 236 1770 351 1832; x_wconf 92' lang='lat' dir='ltr'>libram</span> <span class='ocrx_word' id='word_1_99' title='bbox 376 1771 414 1832; x_wconf 91' lang='lat' dir='ltr'>de</span> <span class='ocrx_word' id='word_1_100' title='bbox 439 1791 533 1834; x_wconf 90' lang='lat' dir='ltr'>croco</span> <span class='ocrx_word' id='word_1_101' title='bbox 557 1792 615 1854; x_wconf 91' lang='lat' dir='ltr'>pro</span> <span class='ocrx_word' id='word_1_102' title='bbox 634 1772 784 1856; x_wconf 90' lang='lat' dir='ltr'>Gyanino</span> <span class='ocrx_word' id='word_1_103' title='bbox 809 1792 873 1835; x_wconf 90' lang='lat' dir='ltr'>non</span> <span class='ocrx_word' id='word_1_104' title='bbox 898 1774 1096 1850; x_wconf 89' lang='lat' dir='ltr'>vendiderit;</span> <span class='ocrx_word' id='word_1_105' title='bbox 1121 1774 1187 1856; x_wconf 91' lang='lat' dir='ltr'>ipse</span> <span class='ocrx_word' id='word_1_106' title='bbox 1212 1773 1298 1835; x_wconf 90' lang='lat' dir='ltr'>enim</span> <span class='ocrx_word' id='word_1_107' title='bbox 1320 1771 1497 1855; x_wconf 86' lang='lat' dir='ltr'>Gregorius</span> 
     </span>
     <span class='ocr_line' id='line_1_15' title="bbox 236 1876 800 1962; baseline 0.007 -24"><span class='ocrx_word' id='word_1_108' title='bbox 236 1876 276 1938; x_wconf 89' lang='lat' dir='ltr'>ad</span> <span class='ocrx_word' id='word_1_109' title='bbox 300 1877 451 1959; x_wconf 86' lang='lat' dir='ltr'>antiquos</span> <span class='ocrx_word' id='word_1_110' title='bbox 473 1878 594 1960; x_wconf 84' lang='lat' dir='ltr'>judIces</span> <span class='ocrx_word' id='word_1_111' title='bbox 618 1880 800 1962; x_wconf 90' lang='lat' dir='ltr'>appellavit.</span> 
     </span>
    </p>

    <p class='ocr_par' dir='ltr' id='par_1_9' title="bbox 236 1983 1499 2152">
     <span class='ocr_line' id='line_1_16' title="bbox 342 1983 1499 2067; baseline 0.003 -23"><span class='ocrx_word' id='word_1_112' title='bbox 342 1983 420 2045; x_wconf 90' lang='lat' dir='ltr'>Item</span> <span class='ocrx_word' id='word_1_113' title='bbox 445 1985 552 2046; x_wconf 89' lang='lat' dir='ltr'>Marco</span> <span class='ocrx_word' id='word_1_114' title='bbox 577 1998 607 2046; x_wconf 90' lang='lat' dir='ltr'>et</span> <span class='ocrx_word' id='word_1_115' title='bbox 631 1985 783 2047; x_wconf 90' lang='lat' dir='ltr'>Nicolaus</span> <span class='ocrx_word' id='word_1_116' title='bbox 815 2005 916 2067; x_wconf 90' lang='lat' dir='ltr'>usque</span> <span class='ocrx_word' id='word_1_117' title='bbox 941 1985 1126 2066; x_wconf 88' lang='lat' dir='ltr'>quindenas</span> <span class='ocrx_word' id='word_1_118' title='bbox 1149 1989 1251 2067; x_wconf 89' lang='lat' dir='ltr'>Agate</span> <span class='ocrx_word' id='word_1_119' title='bbox 1276 1986 1403 2049; x_wconf 89' lang='lat' dir='ltr'>mulieri</span> <span class='ocrx_word' id='word_1_120' title='bbox 1435 1987 1499 2048; x_wconf 89' lang='lat' dir='ltr'>sol·</span> 
     </span>
     <span class='ocr_line' id='line_1_17' title="bbox 236 2090 464 2152; baseline 0.018 -4"><span class='ocrx_word' id='word_1_121' title='bbox 236 2109 310 2151; x_wconf 88' lang='lat' dir='ltr'>vere</span> <span class='ocrx_word' id='word_1_122' title='bbox 335 2090 464 2152; x_wconf 90' lang='lat' dir='ltr'>debent.</span> 
     </span>
    </p>
   </div>
   <div class='ocr_carea' id='block_1_2' title="bbox 420 2289 1322 2384">
    <p class='ocr_par' dir='ltr' id='par_1_10' title="bbox 420 2289 1322 2384">
     <span class='ocr_line' id='line_1_18' title="bbox 420 2289 1322 2384; baseline 0 -21"><span class='ocrx_word' id='word_1_123' title='bbox 420 2289 1322 2384; x_wconf 50' lang='lat' dir='ltr'>&amp;mmmmmmpmbmmmmma</span> 
     </span>
    </p>
   </div>
   <div class='ocr_carea' id='block_1_3' title="bbox 234 2446 1498 3734">
    <p class='ocr_par' dir='ltr' id='par_1_11' title="bbox 780 2446 944 2527">
     <span class='ocr_line' id='line_1_19' title="bbox 780 2446 944 2527; baseline -0.012 -1"><span class='ocrx_word' id='word_1_124' title='bbox 780 2450 820 2525; x_wconf 82' lang='lat'>(5·</span> <span class='ocrx_word' id='word_1_125' title='bbox 846 2446 944 2527; x_wconf 66' lang='lat' dir='ltr'>sart).</span> 
     </span>
    </p>

    <p class='ocr_par' dir='ltr' id='par_1_12' title="bbox 235 2585 1496 2883">
     <span class='ocr_line' id='line_1_20' title="bbox 342 2585 1496 2672; baseline -0.003 -21"><span class='ocrx_word' id='word_1_126' title='bbox 342 2590 420 2651; x_wconf 87' lang='lat' dir='ltr'>Item</span> <span class='ocrx_word' id='word_1_127' title='bbox 445 2589 533 2671; x_wconf 94' lang='lat' dir='ltr'>quod</span> <span class='ocrx_word' id='word_1_128' title='bbox 558 2589 632 2671; x_wconf 91' lang='lat' dir='ltr'>quia</span> <span class='ocrx_word' id='word_1_129' title='bbox 659 2589 787 2672; x_wconf 84' lang='lat' dir='ltr'>Mathey</span> <span class='ocrx_word' id='word_1_130' title='bbox 819 2586 904 2649; x_wconf 84' lang='lat' dir='ltr'>filius</span> <span class='ocrx_word' id='word_1_131' title='bbox 935 2588 1049 2648; x_wconf 90' lang='lat' dir='ltr'>Krisan</span> <span class='ocrx_word' id='word_1_132' title='bbox 1076 2602 1106 2648; x_wconf 96' lang='lat' dir='ltr'>et</span> <span class='ocrx_word' id='word_1_133' title='bbox 1129 2587 1212 2648; x_wconf 84' lang='lat' dir='ltr'>Iwan</span> <span class='ocrx_word' id='word_1_134' title='bbox 1246 2585 1331 2649; x_wconf 85' lang='lat' dir='ltr'>filius</span> <span class='ocrx_word' id='word_1_135' title='bbox 1363 2588 1496 2649; x_wconf 81' lang='lat' dir='ltr'>Radhen</span> 
     </span>
     <span class='ocr_line' id='line_1_21' title="bbox 236 2693 1494 2777; baseline -0.002 -20"><span class='ocrx_word' id='word_1_136' title='bbox 236 2696 393 2777; x_wconf 91' lang='lat' dir='ltr'>quosdam</span> <span class='ocrx_word' id='word_1_137' title='bbox 418 2698 517 2758; x_wconf 87' lang='lat' dir='ltr'>boves</span> <span class='ocrx_word' id='word_1_138' title='bbox 541 2696 625 2758; x_wconf 89' lang='lat' dir='ltr'>Petri</span> <span class='ocrx_word' id='word_1_139' title='bbox 653 2696 765 2757; x_wconf 88' lang='lat' dir='ltr'>decani</span> <span class='ocrx_word' id='word_1_140' title='bbox 797 2697 1026 2772; x_wconf 85' lang='lat' dir='ltr'>subtraxerant,</span> <span class='ocrx_word' id='word_1_141' title='bbox 1052 2707 1146 2776; x_wconf 94' lang='lat' dir='ltr'>prout</span> <span class='ocrx_word' id='word_1_142' title='bbox 1178 2693 1277 2754; x_wconf 90' lang='lat' dir='ltr'>iidem</span> <span class='ocrx_word' id='word_1_143' title='bbox 1300 2694 1333 2754; x_wconf 94' lang='lat' dir='ltr'>in</span> <span class='ocrx_word' id='word_1_144' title='bbox 1359 2694 1494 2755; x_wconf 90' lang='lat' dir='ltr'>martiri-</span> 
     </span>
     <span class='ocr_line' id='line_1_22' title="bbox 235 2799 1227 2883; baseline -0.002 -20"><span class='ocrx_word' id='word_1_145' title='bbox 235 2802 367 2864; x_wconf 89' lang='lat' dir='ltr'>zacione</span> <span class='ocrx_word' id='word_1_146' title='bbox 392 2801 521 2865; x_wconf 88' lang='lat' dir='ltr'>fuerunt</span> <span class='ocrx_word' id='word_1_147' title='bbox 545 2801 629 2881; x_wconf 87' lang='lat' dir='ltr'>fassi,</span> <span class='ocrx_word' id='word_1_148' title='bbox 655 2802 728 2864; x_wconf 92' lang='lat' dir='ltr'>ideo</span> <span class='ocrx_word' id='word_1_149' title='bbox 752 2801 884 2862; x_wconf 88' lang='lat' dir='ltr'>eosdem</span> <span class='ocrx_word' id='word_1_150' title='bbox 907 2799 1058 2883; x_wconf 87' lang='lat' dir='ltr'>suspendi</span> <span class='ocrx_word' id='word_1_151' title='bbox 1083 2799 1227 2861; x_wconf 86' lang='lat' dir='ltr'>fecimus.</span> 
     </span>
    </p>

    <p class='ocr_par' dir='ltr' id='par_1_13' title="bbox 234 2906 1498 3734">
     <span class='ocr_line' id='line_1_23' title="bbox 342 2906 1498 2991; baseline -0.003 -21"><span class='ocrx_word' id='word_1_152' title='bbox 342 2911 420 2972; x_wconf 91' lang='lat' dir='ltr'>Item</span> <span class='ocrx_word' id='word_1_153' title='bbox 445 2909 533 2990; x_wconf 91' lang='lat' dir='ltr'>quod</span> <span class='ocrx_word' id='word_1_154' title='bbox 558 2909 633 2991; x_wconf 91' lang='lat' dir='ltr'>quia</span> <span class='ocrx_word' id='word_1_155' title='bbox 666 2909 773 2970; x_wconf 87' lang='lat' dir='ltr'>Endre</span> <span class='ocrx_word' id='word_1_156' title='bbox 796 2908 852 2970; x_wconf 88' lang='lat' dir='ltr'>Sib</span> <span class='ocrx_word' id='word_1_157' title='bbox 885 2909 916 2969; x_wconf 85' lang='lat' dir='ltr'>iu</span> <span class='ocrx_word' id='word_1_158' title='bbox 941 2906 1133 2989; x_wconf 87' lang='lat' dir='ltr'>quibusdam</span> <span class='ocrx_word' id='word_1_159' title='bbox 1166 2907 1231 2968; x_wconf 89' lang='lat' dir='ltr'>suis</span> <span class='ocrx_word' id='word_1_160' title='bbox 1255 2907 1435 2968; x_wconf 88' lang='lat' dir='ltr'>excessibus</span> <span class='ocrx_word' id='word_1_161' title='bbox 1467 2919 1498 2968; x_wconf 91' lang='lat' dir='ltr'>et</span> 
     </span>
     <span class='ocr_line' id='line_1_24' title="bbox 234 3012 1498 3095; baseline -0.004 -17"><span class='ocrx_word' id='word_1_162' title='bbox 234 3016 380 3080; x_wconf 89' lang='lat' dir='ltr'>similiter</span> <span class='ocrx_word' id='word_1_163' title='bbox 406 3017 510 3078; x_wconf 91' lang='lat' dir='ltr'>verbis</span> <span class='ocrx_word' id='word_1_164' title='bbox 535 3016 694 3077; x_wconf 91' lang='lat' dir='ltr'>malorum</span> <span class='ocrx_word' id='word_1_165' title='bbox 723 3028 832 3077; x_wconf 86' lang='lat' dir='ltr'>contra</span> <span class='ocrx_word' id='word_1_166' title='bbox 857 3013 997 3095; x_wconf 88' lang='lat' dir='ltr'>judicem</span> <span class='ocrx_word' id='word_1_167' title='bbox 1022 3013 1201 3075; x_wconf 88' lang='lat' dir='ltr'>Iohannem</span> <span class='ocrx_word' id='word_1_168' title='bbox 1227 3026 1257 3075; x_wconf 96' lang='lat' dir='ltr'>et</span> <span class='ocrx_word' id='word_1_169' title='bbox 1280 3033 1355 3075; x_wconf 90' lang='lat' dir='ltr'>suos</span> <span class='ocrx_word' id='word_1_170' title='bbox 1379 3012 1498 3095; x_wconf 82' lang='lat' dir='ltr'>juratos</span> 
     </span>
     <span class='ocr_line' id='line_1_25' title="bbox 236 3120 1497 3202; baseline -0.002 -20"><span class='ocrx_word' id='word_1_171' title='bbox 236 3138 266 3185; x_wconf 91' lang='lat' dir='ltr'>et</span> <span class='ocrx_word' id='word_1_172' title='bbox 292 3124 471 3185; x_wconf 86' lang='lat' dir='ltr'>universam</span> <span class='ocrx_word' id='word_1_173' title='bbox 490 3123 755 3185; x_wconf 83' lang='lat' dir='ltr'>communitatem</span> <span class='ocrx_word' id='word_1_174' title='bbox 780 3122 964 3199; x_wconf 84' lang='lat' dir='ltr'>incurrerat,</span> <span class='ocrx_word' id='word_1_175' title='bbox 989 3120 1063 3185; x_wconf 90' lang='lat' dir='ltr'>ideo</span> <span class='ocrx_word' id='word_1_176' title='bbox 1080 3120 1112 3181; x_wconf 92' lang='lat' dir='ltr'>in</span> <span class='ocrx_word' id='word_1_177' title='bbox 1125 3120 1267 3202; x_wconf 83' lang='lat' dir='ltr'>generali</span> <span class='ocrx_word' id='word_1_178' title='bbox 1293 3133 1402 3181; x_wconf 91' lang='lat' dir='ltr'>nostro</span> <span class='ocrx_word' id='word_1_179' title='bbox 1420 3138 1497 3180; x_wconf 92' lang='lat' dir='ltr'>con·</span> 
     </span>
     <span class='ocr_line' id='line_1_26' title="bbox 237 3225 1495 3310; baseline -0.004 -19"><span class='ocrx_word' id='word_1_180' title='bbox 237 3230 310 3291; x_wconf 89' lang='lat' dir='ltr'>siIio</span> <span class='ocrx_word' id='word_1_181' title='bbox 335 3230 546 3308; x_wconf 85' lang='lat' dir='ltr'>decrevimus,</span> <span class='ocrx_word' id='word_1_182' title='bbox 570 3229 658 3310; x_wconf 93' lang='lat' dir='ltr'>quod</span> <span class='ocrx_word' id='word_1_183' title='bbox 675 3228 857 3290; x_wconf 91' lang='lat' dir='ltr'>humanitas</span> <span class='ocrx_word' id='word_1_184' title='bbox 880 3225 991 3309; x_wconf 82' lang='lat' dir='ltr'>prefati</span> <span class='ocrx_word' id='word_1_185' title='bbox 1011 3226 1137 3288; x_wconf 87' lang='lat' dir='ltr'>Endree</span> <span class='ocrx_word' id='word_1_186' title='bbox 1162 3227 1217 3289; x_wconf 85' lang='lat' dir='ltr'>Sib</span> <span class='ocrx_word' id='word_1_187' title='bbox 1243 3225 1323 3287; x_wconf 87' lang='lat' dir='ltr'>nihil</span> <span class='ocrx_word' id='word_1_188' title='bbox 1347 3225 1420 3308; x_wconf 85' lang='lat' dir='ltr'>plus</span> <span class='ocrx_word' id='word_1_189' title='bbox 1436 3226 1495 3286; x_wconf 91' lang='lat' dir='ltr'>nisi</span> 
     </span>
     <span class='ocr_line' id='line_1_27' title="bbox 235 3331 1496 3415; baseline -0.004 -18"><span class='ocrx_word' id='word_1_190' title='bbox 235 3336 275 3397; x_wconf 95' lang='lat' dir='ltr'>de</span> <span class='ocrx_word' id='word_1_191' title='bbox 299 3335 472 3398; x_wconf 88' lang='lat' dir='ltr'>duodecim</span> <span class='ocrx_word' id='word_1_192' title='bbox 496 3335 635 3397; x_wconf 90' lang='lat' dir='ltr'>denariis</span> <span class='ocrx_word' id='word_1_193' title='bbox 651 3335 773 3410; x_wconf 88' lang='lat' dir='ltr'>valeat;</span> <span class='ocrx_word' id='word_1_194' title='bbox 798 3333 858 3395; x_wconf 94' lang='lat' dir='ltr'>hoc</span> <span class='ocrx_word' id='word_1_195' title='bbox 882 3334 983 3396; x_wconf 85' lang='lat' dir='ltr'>ecIam</span> <span class='ocrx_word' id='word_1_196' title='bbox 1001 3332 1161 3394; x_wconf 89' lang='lat' dir='ltr'>declarato</span> <span class='ocrx_word' id='word_1_197' title='bbox 1179 3347 1213 3394; x_wconf 92' lang='lat' dir='ltr'>ut</span> <span class='ocrx_word' id='word_1_198' title='bbox 1231 3331 1371 3415; x_wconf 86' lang='lat' dir='ltr'>prefatus</span> <span class='ocrx_word' id='word_1_199' title='bbox 1388 3331 1496 3393; x_wconf 87' lang='lat' dir='ltr'>Endre</span> 
     </span>
     <span class='ocr_line' id='line_1_28' title="bbox 234 3438 1496 3524; baseline -0.002 -22"><span class='ocrx_word' id='word_1_200' title='bbox 234 3462 292 3504; x_wconf 91' lang='lat' dir='ltr'>nec</span> <span class='ocrx_word' id='word_1_201' title='bbox 310 3462 407 3522; x_wconf 88' lang='lat' dir='ltr'>arma,</span> <span class='ocrx_word' id='word_1_202' title='bbox 425 3461 482 3503; x_wconf 91' lang='lat' dir='ltr'>nec</span> <span class='ocrx_word' id='word_1_203' title='bbox 500 3461 597 3524; x_wconf 89' lang='lat' dir='ltr'>penes</span> <span class='ocrx_word' id='word_1_204' title='bbox 610 3441 751 3523; x_wconf 87' lang='lat' dir='ltr'>aliquem</span> <span class='ocrx_word' id='word_1_205' title='bbox 775 3441 938 3502; x_wconf 91' lang='lat' dir='ltr'>hominem</span> <span class='ocrx_word' id='word_1_206' title='bbox 962 3440 1183 3502; x_wconf 77' lang='lat' dir='ltr'>testImonium</span> <span class='ocrx_word' id='word_1_207' title='bbox 1202 3459 1257 3501; x_wconf 87' lang='lat' dir='ltr'>seu</span> <span class='ocrx_word' id='word_1_208' title='bbox 1281 3438 1496 3520; x_wconf 83' lang='lat' dir='ltr'>juramentum</span> 
     </span>
     <span class='ocr_line' id='line_1_29' title="bbox 235 3545 1496 3631; baseline -0.002 -22"><span class='ocrx_word' id='word_1_209' title='bbox 235 3547 337 3610; x_wconf 89' lang='lat' dir='ltr'>Iacere</span> <span class='ocrx_word' id='word_1_210' title='bbox 369 3549 478 3631; x_wconf 88' lang='lat' dir='ltr'>possit,</span> <span class='ocrx_word' id='word_1_211' title='bbox 496 3548 644 3609; x_wconf 86' lang='lat' dir='ltr'>videlicet</span> <span class='ocrx_word' id='word_1_212' title='bbox 668 3567 726 3630; x_wconf 94' lang='lat' dir='ltr'>pro</span> <span class='ocrx_word' id='word_1_213' title='bbox 750 3547 813 3610; x_wconf 88' lang='lat' dir='ltr'>tale</span> <span class='ocrx_word' id='word_1_214' title='bbox 839 3546 939 3609; x_wconf 82' lang='lat' dir='ltr'>fetore</span> <span class='ocrx_word' id='word_1_215' title='bbox 964 3567 1020 3608; x_wconf 89' lang='lat' dir='ltr'>seu</span> <span class='ocrx_word' id='word_1_216' title='bbox 1044 3566 1102 3629; x_wconf 88' lang='lat' dir='ltr'>pro</span> <span class='ocrx_word' id='word_1_217' title='bbox 1126 3547 1244 3609; x_wconf 92' lang='lat' dir='ltr'>talibus</span> <span class='ocrx_word' id='word_1_218' title='bbox 1268 3547 1383 3626; x_wconf 90' lang='lat' dir='ltr'>verbis,</span> <span class='ocrx_word' id='word_1_219' title='bbox 1408 3545 1496 3628; x_wconf 89' lang='lat' dir='ltr'>quod</span> 
     </span>
     <span class='ocr_line' id='line_1_30' title="bbox 234 3652 1022 3734; baseline -0.005 -18"><span class='ocrx_word' id='word_1_220' title='bbox 234 3667 300 3716; x_wconf 93' lang='lat' dir='ltr'>erat</span> <span class='ocrx_word' id='word_1_221' title='bbox 323 3655 479 3716; x_wconf 87' lang='lat' dir='ltr'>universis</span> <span class='ocrx_word' id='word_1_222' title='bbox 499 3655 621 3716; x_wconf 84' lang='lat' dir='ltr'>civibus</span> <span class='ocrx_word' id='word_1_223' title='bbox 645 3656 739 3716; x_wconf 86' lang='lat' dir='ltr'>verba</span> <span class='ocrx_word' id='word_1_224' title='bbox 765 3654 914 3716; x_wconf 82' lang='lat' dir='ltr'>nocitiva.</span> <span class='ocrx_word' id='word_1_225' title='bbox 940 3652 1022 3734; x_wconf 84' lang='lat' dir='ltr'>(sic.)</span> 
     </span>
    </p>
   </div>
   <div class='ocr_carea' id='block_1_4' title="bbox 233 3819 1493 4618">
    <p class='ocr_par' dir='ltr' id='par_1_14' title="bbox 446 3819 1279 4054">
     <span class='ocr_line' id='line_1_31' title="bbox 446 3819 1279 3910; baseline -0.001 -17"><span class='ocrx_word' id='word_1_226' title='bbox 446 3819 1279 3910; x_wconf 62' lang='lat' dir='ltr'>mnmfflmmnwmmnmmmm</span> 
     </span>
     <span class='ocr_line' id='line_1_32' title="bbox 784 3974 963 4054; baseline 0.011 -22"><span class='ocrx_word' id='word_1_227' title='bbox 784 3977 844 4052; x_wconf 79' lang='lat'>(15.</span> <span class='ocrx_word' id='word_1_228' title='bbox 867 3974 963 4054; x_wconf 78' lang='lat' dir='ltr'>jarlii).</span> 
     </span>
    </p>

    <p class='ocr_par' dir='ltr' id='par_1_15' title="bbox 233 4114 1493 4388">
     <span class='ocr_line' id='line_1_33' title="bbox 340 4114 1493 4197; baseline 0 -22"><span class='ocrx_word' id='word_1_229' title='bbox 340 4116 417 4177; x_wconf 89' lang='lat' dir='ltr'>Item</span> <span class='ocrx_word' id='word_1_230' title='bbox 443 4116 609 4177; x_wconf 85' lang='lat' dir='ltr'>SImonem</span> <span class='ocrx_word' id='word_1_231' title='bbox 627 4114 729 4177; x_wconf 88' lang='lat' dir='ltr'>filium</span> <span class='ocrx_word' id='word_1_232' title='bbox 747 4115 900 4197; x_wconf 81' lang='lat' dir='ltr'>Stephani</span> <span class='ocrx_word' id='word_1_233' title='bbox 918 4128 948 4176; x_wconf 87' lang='lat' dir='ltr'>et</span> <span class='ocrx_word' id='word_1_234' title='bbox 972 4116 1075 4176; x_wconf 86' lang='lat' dir='ltr'>Iakou</span> <span class='ocrx_word' id='word_1_235' title='bbox 1098 4114 1201 4176; x_wconf 88' lang='lat' dir='ltr'>filium</span> <span class='ocrx_word' id='word_1_236' title='bbox 1219 4114 1316 4175; x_wconf 83' lang='lat' dir='ltr'>Wlxa</span> <span class='ocrx_word' id='word_1_237' title='bbox 1340 4127 1493 4194; x_wconf 86' lang='lat' dir='ltr'>tanquam</span> 
     </span>
     <span class='ocr_line' id='line_1_34' title="bbox 234 4218 1492 4303; baseline -0.002 -22"><span class='ocrx_word' id='word_1_238' title='bbox 234 4220 374 4283; x_wconf 89' lang='lat' dir='ltr'>Iatrones</span> <span class='ocrx_word' id='word_1_239' title='bbox 399 4235 428 4282; x_wconf 92' lang='lat' dir='ltr'>et</span> <span class='ocrx_word' id='word_1_240' title='bbox 453 4219 538 4282; x_wconf 87' lang='lat' dir='ltr'>Iures</span> <span class='ocrx_word' id='word_1_241' title='bbox 561 4221 712 4303; x_wconf 89' lang='lat' dir='ltr'>suspendi</span> <span class='ocrx_word' id='word_1_242' title='bbox 737 4220 872 4281; x_wconf 83' lang='lat' dir='ltr'>fecimus</span> <span class='ocrx_word' id='word_1_243' title='bbox 895 4235 990 4302; x_wconf 92' lang='lat' dir='ltr'>prout</span> <span class='ocrx_word' id='word_1_244' title='bbox 1015 4220 1111 4280; x_wconf 85' lang='lat' dir='ltr'>iidem</span> <span class='ocrx_word' id='word_1_245' title='bbox 1136 4221 1168 4280; x_wconf 92' lang='lat' dir='ltr'>in</span> <span class='ocrx_word' id='word_1_246' title='bbox 1185 4219 1260 4280; x_wconf 89' lang='lat' dir='ltr'>sede</span> <span class='ocrx_word' id='word_1_247' title='bbox 1285 4232 1392 4281; x_wconf 91' lang='lat' dir='ltr'>nostra</span> <span class='ocrx_word' id='word_1_248' title='bbox 1408 4218 1492 4300; x_wconf 83' lang='lat' dir='ltr'>judi·</span> 
     </span>
     <span class='ocr_line' id='line_1_35' title="bbox 233 4325 1189 4388; baseline 0.001 -2"><span class='ocrx_word' id='word_1_249' title='bbox 233 4326 327 4387; x_wconf 90' lang='lat' dir='ltr'>ciaria</span> <span class='ocrx_word' id='word_1_250' title='bbox 352 4341 382 4387; x_wconf 92' lang='lat' dir='ltr'>et</span> <span class='ocrx_word' id='word_1_251' title='bbox 407 4327 507 4388; x_wconf 89' lang='lat' dir='ltr'>eciam</span> <span class='ocrx_word' id='word_1_252' title='bbox 533 4327 564 4387; x_wconf 93' lang='lat' dir='ltr'>in</span> <span class='ocrx_word' id='word_1_253' title='bbox 590 4346 700 4387; x_wconf 90' lang='lat' dir='ltr'>eorum</span> <span class='ocrx_word' id='word_1_254' title='bbox 730 4326 983 4387; x_wconf 83' lang='lat' dir='ltr'>martirizacione</span> <span class='ocrx_word' id='word_1_255' title='bbox 1008 4340 1081 4386; x_wconf 88' lang='lat' dir='ltr'>sunt</span> <span class='ocrx_word' id='word_1_256' title='bbox 1105 4325 1189 4387; x_wconf 81' lang='lat' dir='ltr'>fassi.</span> 
     </span>
    </p>

    <p class='ocr_par' dir='ltr' id='par_1_16' title="bbox 233 4431 1493 4618">
     <span class='ocr_line' id='line_1_36' title="bbox 339 4431 1493 4513; baseline 0 -21"><span class='ocrx_word' id='word_1_257' title='bbox 339 4431 416 4493; x_wconf 92' lang='lat' dir='ltr'>Item</span> <span class='ocrx_word' id='word_1_258' title='bbox 431 4452 523 4494; x_wconf 88' lang='lat' dir='ltr'>causn</span> <span class='ocrx_word' id='word_1_259' title='bbox 538 4432 718 4513; x_wconf 86' lang='lat' dir='ltr'>supradicta</span> <span class='ocrx_word' id='word_1_260' title='bbox 733 4432 788 4493; x_wconf 86' lang='lat' dir='ltr'>Sib</span> <span class='ocrx_word' id='word_1_261' title='bbox 803 4432 941 4510; x_wconf 82' lang='lat' dir='ltr'>Andrec,</span> <span class='ocrx_word' id='word_1_262' title='bbox 959 4432 1100 4494; x_wconf 89' lang='lat' dir='ltr'>concivis</span> <span class='ocrx_word' id='word_1_263' title='bbox 1117 4432 1226 4509; x_wconf 86' lang='lat' dir='ltr'>nostri,</span> <span class='ocrx_word' id='word_1_264' title='bbox 1244 4431 1367 4493; x_wconf 91' lang='lat' dir='ltr'>domini</span> <span class='ocrx_word' id='word_1_265' title='bbox 1381 4450 1493 4492; x_wconf 87' lang='lat' dir='ltr'>onmes</span> 
     </span>
     <span class='ocr_line' id='line_1_37' title="bbox 233 4536 1493 4618; baseline 0 -20"><span class='ocrx_word' id='word_1_266' title='bbox 233 4538 384 4599; x_wconf 89' lang='lat' dir='ltr'>unanime</span> <span class='ocrx_word' id='word_1_267' title='bbox 401 4538 434 4598; x_wconf 94' lang='lat' dir='ltr'>in</span> <span class='ocrx_word' id='word_1_268' title='bbox 459 4538 604 4615; x_wconf 85' lang='lat' dir='ltr'>consilio,</span> <span class='ocrx_word' id='word_1_269' title='bbox 622 4537 728 4618; x_wconf 81' lang='lat' dir='ltr'>judex,</span> <span class='ocrx_word' id='word_1_270' title='bbox 752 4537 845 4618; x_wconf 84' lang='lat' dir='ltr'>jurati</span> <span class='ocrx_word' id='word_1_271' title='bbox 863 4552 894 4600; x_wconf 87' lang='lat' dir='ltr'>et</span> <span class='ocrx_word' id='word_1_272' title='bbox 918 4537 1102 4617; x_wconf 86' lang='lat' dir='ltr'>consiliarii,</span> <span class='ocrx_word' id='word_1_273' title='bbox 1119 4536 1262 4599; x_wconf 85' lang='lat' dir='ltr'>fecerunt</span> <span class='ocrx_word' id='word_1_274' title='bbox 1277 4537 1338 4599; x_wconf 88' lang='lat' dir='ltr'>sibi</span> <span class='ocrx_word' id='word_1_275' title='bbox 1353 4538 1493 4618; x_wconf 88' lang='lat' dir='ltr'>graciam</span> 
     </span>
    </p>
   </div>
   <div class='ocr_carea' id='block_1_5' title="bbox 231 4643 1494 4834">
    <p class='ocr_par' dir='ltr' id='par_1_17' title="bbox 231 4643 1494 4834">
     <span class='ocr_line' id='line_1_38' title="bbox 231 4643 1494 4728; baseline 0.001 -22"><span class='ocrx_word' id='word_1_276' title='bbox 231 4644 287 4706; x_wconf 88' lang='lat' dir='ltr'>tali</span> <span class='ocrx_word' id='word_1_277' title='bbox 311 4644 421 4724; x_wconf 93' lang='lat' dir='ltr'>modo,</span> <span class='ocrx_word' id='word_1_278' title='bbox 445 4644 533 4726; x_wconf 91' lang='lat' dir='ltr'>quod</span> <span class='ocrx_word' id='word_1_279' title='bbox 558 4644 676 4705; x_wconf 90' lang='lat' dir='ltr'>amodo</span> <span class='ocrx_word' id='word_1_280' title='bbox 701 4657 732 4706; x_wconf 91' lang='lat' dir='ltr'>et</span> <span class='ocrx_word' id='word_1_281' title='bbox 756 4643 908 4727; x_wconf 87' lang='lat' dir='ltr'>deinceps</span> <span class='ocrx_word' id='word_1_282' title='bbox 932 4644 1040 4707; x_wconf 90' lang='lat' dir='ltr'>nullus</span> <span class='ocrx_word' id='word_1_283' title='bbox 1064 4645 1124 4707; x_wconf 86' lang='lat' dir='ltr'>sibi</span> <span class='ocrx_word' id='word_1_284' title='bbox 1150 4645 1315 4727; x_wconf 88' lang='lat' dir='ltr'>inpingere</span> <span class='ocrx_word' id='word_1_285' title='bbox 1339 4644 1440 4728; x_wconf 89' lang='lat' dir='ltr'>possit</span> <span class='ocrx_word' id='word_1_286' title='bbox 1463 4658 1494 4712; x_wconf 90' lang='lat' dir='ltr'>et</span> 
     </span>
     <span class='ocr_line' id='line_1_39' title="bbox 233 4750 853 4834; baseline 0.006 -23"><span class='ocrx_word' id='word_1_287' title='bbox 233 4750 337 4812; x_wconf 89' lang='lat' dir='ltr'>valeat</span> <span class='ocrx_word' id='word_1_288' title='bbox 359 4764 491 4833; x_wconf 89' lang='lat' dir='ltr'>propter</span> <span class='ocrx_word' id='word_1_289' title='bbox 513 4750 690 4834; x_wconf 80' lang='lat' dir='ltr'>predIctam</span> <span class='ocrx_word' id='word_1_290' title='bbox 714 4770 853 4815; x_wconf 85' lang='lat' dir='ltr'>causam.</span> 
     </span>
    </p>
   </div>
   <div class='ocr_carea' id='block_1_6' title="bbox 0 0 1740 5234">
    <p class='ocr_par' dir='ltr' id='par_1_18' title="bbox 0 0 1740 5234">
     <span class='ocr_line' id='line_1_40' title="bbox 0 0 1740 5234; baseline 0 2"><span class='ocrx_word' id='word_1_291' title='bbox 0 0 1740 5234; x_wconf 95' lang='lat' dir='ltr'> </span> 
     </span>
    </p>
   </div>
  </div>
 </body>
</html>
