3472 5234
268 333 328 395 322
650 314 737 370 Anno
759 327 852 390 1590·
879 346 919 356 -
947 326 1000 373 22.
1023 310 1136 387 aprilis.

375 523 453 585 Item
478 523 639 584 Iohannes
663 521 748 583 tilius
765 522 874 583 Jacobi
900 522 975 584 dicti
1003 522 1080 584 BoIe
1098 523 1236 584 condam
1254 522 1376 602 juratus
1399 525 1438 584 ab
1456 542 1531 600 una,

269 641 356 710 parte
380 646 458 689 vero
483 647 520 688 ex
545 627 641 690 altera
668 628 779 689 Petrus
802 628 955 707 literatus,
980 628 1066 690 idem
1081 629 1191 691 Petrus
1215 643 1261 690 est
1284 628 1450 690 confessus
1473 628 1529 689 tali

269 733 380 812 modo,
404 733 492 816 quod
517 734 790 815 quandocumque
808 733 874 815 ipse
895 747 1005 795 contra
1028 734 1134 815 ipsum
1151 734 1330 795 Iohannem
1356 733 1529 816 quamdam

270 859 399 901 causam
424 839 574 901 videlicet
590 839 621 900 in
647 838 730 901 Iacto
748 839 873 901 decime
890 839 1085 920 zagoriensis
1108 839 1196 901 litem
1221 841 1395 918 suscitaret,
1413 852 1530 901 extunc

270 945 337 1026 Ipse
360 958 464 1007 toturn
489 945 634 1007 debitum
662 964 728 1026 quo
760 944 866 1006 eidem
891 945 1029 1006 Iohanni
1060 958 1221 1007 teneretur
1251 946 1374 1007 solvere
1398 946 1531 1008 deberet

271 1065 302 1113 et
326 1051 455 1134 insuper
479 1052 511 1113 in
536 1050 619 1112 iacto
644 1051 826 1133 calumpnia
850 1052 1102 1114 convinceretur.

375 1158 452 1219 Item
485 1157 603 1219 Paulus
634 1170 744 1219 contra
775 1156 986 1219 Benedictum
1022 1157 1173 1240 Meza(ra)
1206 1171 1320 1220 octavo
1356 1158 1407 1219 die
1438 1171 1534 1219 testes

270 1264 447 1347 producere
472 1264 577 1326 debet.

375 1370 453 1431 Item
470 1369 616 1431 Thomas
634 1369 807 1450 Hungarus
820 1383 929 1432 contra
943 1374 1105 1451 Agnesam
1117 1385 1233 1433 octavo
1248 1371 1300 1432 die
1314 1371 1533 1453 respondebit.

377 1476 454 1539 Item
478 1476 632 1539 Nicolaus
656 1476 777 1538 Sarkan
802 1477 992 1539 secundario
1013 1478 1127 1539 citatus
1151 1491 1260 1539 contra
1278 1478 1406 1539 Petrum
1432 1497 1532 1539 sacer-

270 1584 379 1646 dotem
404 1603 469 1645 non
495 1583 684 1665 comparuit.

374 1688 452 1752 Item
477 1709 570 1751 causa
595 1687 743 1770 Gregorii
769 1689 925 1771 voyscbar
945 1703 1055 1752 contra
1080 1689 1257 1751 Henricum
1281 1689 1321 1751 ad
1346 1709 1459 1772 pacem
1485 1702 1531 1750 est

271 1810 407 1879 recepta.

375 1902 452 1964 Item
485 1901 621 1984 MyIrech
653 1914 762 1963 contra
795 1901 934 1962 eundem
969 1901 1145 1963 Henricum
1174 1903 1278 1985 prImo
1318 1903 1431 1963 citatus
1466 1921 1530 1963 oon

268 2008 457 2090 comparuit.

375 2113 454 2175 Item
479 2111 604 2174 Blasieh
629 2126 660 2175 et
684 2111 860 2193 Gregorius
884 2126 993 2175 contra
1023 2113 1129 2175 Mikch
1162 2112 1240 2175 feria
1264 2116 1361 2176 tercia
1385 2116 1530 2198 proxime

274 2233 406 2281 ventura
431 2219 626 2300 respondere
651 2218 777 2282 debent.

379 2324 457 2386 Item
482 2324 648 2386 EIIzabeth
674 2324 789 2385 mulier
812 2344 875 2386 una
900 2344 972 2386 cum
998 2325 1112 2386 marito
1143 2345 1202 2387 suo
1227 2345 1328 2408 usque
1353 2327 1533 2408 quIndenas

269 2431 446 2493 BenedIcto
472 2431 607 2493 instituti
632 2431 777 2513 quinque
808 2450 930 2493 marcas
954 2445 985 2493 et
1008 2444 1071 2492 tres
1094 2450 1208 2513 pensas
1231 2432 1438 2495 denariorum
1469 2434 1532 2495 sol·

273 2557 346 2599 vere
372 2537 477 2599 debet.

379 2643 456 2705 Item
481 2662 574 2704 causa
600 2642 683 2704 Petri
709 2642 862 2704 Scornich
891 2658 1001 2705 contra
1025 2645 1093 2706 Kus
1124 2644 1164 2706 ad
1188 2665 1299 2727 pacem
1324 2660 1371 2708 est
1395 2661 1531 2730 recepta.

375 2749 453 2812 Item
471 2748 608 2811 Zitarich
625 2761 740 2810 octavo
757 2747 810 2811 die
827 2761 936 2811 contra
955 2750 1110 2811 Iacobum
1128 2750 1299 2833 pellificem
1314 2753 1531 2835 respondebit.

376 2856 452 2917 Item
479 2855 625 2917 Thomas
647 2869 756 2917 contra
778 2852 973 2917 Biharuarad
992 2857 1095 2939 prImo
1121 2857 1234 2919 citatus
1250 2878 1316 2919 non
1341 2860 1533 2941 comparuit.

378 2962 454 3023 Item
472 2962 580 3023 reIIcta
599 2961 723 3023 Nicolai
749 2975 860 3023 contra
878 2962 1009 3023 Luciam
1027 2963 1132 3044 primo
1149 2963 1242 3025 citata
1259 2983 1324 3025 non
1344 2965 1534 3047 comparuit.

373 3069 451 3130 Item
476 3068 578 3130 Malar
602 3080 711 3128 contra
735 3065 835 3127 Remf
855 3068 960 3149 primo
985 3068 1098 3130 citatus
1122 3089 1187 3130 non
1211 3071 1401 3152 comparuit.

373 3173 451 3235 Item
476 3173 630 3234 NIcolaus
661 3185 768 3233 contra
803 3172 952 3235 Chuetko
977 3175 1081 3256 prImo
1106 3174 1219 3236 citatus
1243 3195 1308 3237 non
1337 3179 1530 3259 comparuit.

374 3280 452 3342 Item
478 3279 585 3340 relicta
611 3277 757 3360 Mathyas
781 3292 890 3341 contra
915 3281 1109 3361 Agustinum
1134 3281 1331 3344 sacerdotem
1361 3283 1466 3364 primo
1491 3284 1533 3345 ci-

268 3400 332 3448 tata
357 3406 421 3447 non
448 3384 636 3466 comparuit.

377 3491 455 3552 Item
473 3491 592 3570 Porgar
609 3504 718 3551 contra
736 3490 865 3552 Petrum
883 3492 990 3553 Kurch
1006 3494 1111 3574 primo
1128 3494 1242 3556 citatus
1263 3515 1327 3556 non
1345 3497 1535 3578 comparuit.

375 3596 451 3657 Item
477 3615 570 3656 causa
595 3595 720 3657 Nicolai
745 3610 854 3658 contra
872 3597 1054 3660 Emericum
1079 3598 1119 3660 ad
1143 3619 1255 3681 pacem
1281 3615 1327 3661 est
1351 3614 1489 3683 recepta.

377 3701 454 3763 Item
480 3721 610 3762 consors
634 3701 758 3763 Nicolai
792 3704 878 3765 ribar
902 3718 1015 3766 octavo
1040 3705 1091 3765 die
1117 3707 1215 3768 tercio
1247 3726 1280 3767 se
1303 3727 1399 3789 super
1425 3728 1463 3769 eo
1488 3707 1536 3789 ju-

269 3808 362 3886 rabit,
388 3807 475 3888 quod
501 3808 568 3889 ipsa
593 3807 672 3869 nihil
697 3809 774 3870 sciet
798 3808 837 3871 de
861 3810 1001 3890 quadam
1025 3811 1126 3872 bireta
1150 3826 1181 3873 et
1205 3812 1245 3874 de
1270 3812 1390 3894 caligis.

376 3914 454 3975 Item
477 3914 640 3975 Iohannes
657 3914 830 3976 CIcuchich
852 3930 962 3977 contra
979 3917 1093 3978 Konch
1119 3918 1159 3978 ad
1176 3917 1336 3999 justiciam
1354 3939 1419 3980 non
1437 3920 1536 3981 venit.

340 4115 437 4188 FerIa
460 4125 558 4189 sexta
585 4121 741 4208 proxima
769 4127 848 4191 ante
876 4119 997 4191 festum
1025 4119 1115 4192 beati
1144 4119 1275 4209 Georgii
1305 4123 1469 4193 martisia.

803 4276 868 4347 (22.
892 4273 1019 4347 aprilis).

376 4408 454 4471 Item
480 4411 604 4472 BIasius
628 4426 737 4474 contra
763 4413 944 4475 Dionisium
970 4414 1074 4495 prImo
1106 4414 1222 4475 citatus
1255 4434 1320 4477 non
1348 4416 1536 4497 comparuit.

376 4515 453 4577 Item
479 4518 587 4579 Marco
611 4517 850 4580 molendinator
866 4532 975 4582 contra
1001 4519 1178 4581 Henricum
1202 4521 1394 4583 secundario
1421 4523 1538 4584 citatus

274 4639 338 4681 non
366 4623 556 4704 comparuit.
1292 4613 1299 4626 ’

376 4727 454 4790 Item
486 4728 639 4791 Nicolaus
673 4730 821 4793 DelasIch
857 4745 967 4793 contra
1000 4731 1116 4814 Mykch
1149 4733 1299 4814 Magdich
1335 4748 1449 4796 octavo
1482 4734 1535 4796 die

276 4841 372 4894 testes
394 4833 572 4916 producere
596 4834 701 4898 debet.
