3472 5234
612 315 698 371 Anno
723 324 807 389 (375.
832 291 876 356 ’-
900 326 951 387 29.
976 314 1054 373 moti.
1428 331 1466 392 25

312 526 391 586 ltem
415 525 614 606 Dragozlaus
631 524 751 606 juratus
774 537 888 586 octavo
905 523 958 586 die
982 543 1039 606 per
1056 524 1271 586 Laurencium
1297 512 1470 604 Gallicum,

208 632 372 694 Andream
389 631 527 693 condam
543 630 682 711 juratum
699 643 729 693 et
746 630 940 711 Gregorium
962 630 1183 692 testimonium
1200 630 1366 713 producet,
1383 630 1470 712 quod

208 738 313 820 ipsum
338 738 462 799 Matina
486 737 724 818 vituperaverit.

315 844 394 905 Item
418 843 495 904 luan
521 841 659 904 Plauech
695 856 726 903 et
756 840 814 903 filii
839 841 965 904 Crisani
997 856 1112 904 octavo
1144 842 1197 905 die
1220 862 1277 925 per
1301 842 1471 904 Nicolaum

208 948 345 1011 condam
371 948 522 1030 judicem,
555 948 753 1030 Stephanum
785 962 937 1030 nepotem
966 947 1138 1010 Radchech
1170 962 1201 1010 et
1225 947 1365 1010 Mondof
1385 949 1473 1009 testi-

208 1055 354 1117 monium
377 1053 535 1138 producet
558 1054 613 1116 ubi
650 1054 758 1115 literas
782 1051 943 1134 Georgius
966 1068 1068 1116 sartor
1091 1069 1122 1116 et
1146 1053 1323 1135 Gregorius
1346 1054 1473 1135 cognati

209 1161 338 1223 Martini
362 1161 533 1243 Wllrouoy
557 1160 759 1243 recepissent.

312 1268 391 1328 ltem
428 1266 581 1329 Clemens
622 1265 839 1327 mercenarius
883 1263 1059 1348 Mychaelis
1090 1266 1184 1348 jurati
1220 1281 1331 1329 contra
1370 1266 1473 1349 Mikyl

207 1386 337 1456 propter
369 1371 489 1434 furtum
520 1372 688 1434 cuiusdam
721 1391 882 1449 emmens,
918 1390 952 1433 se
983 1373 1100 1434 tercius
1135 1386 1169 1434 ut
1193 1372 1356 1435 debuisset
1390 1371 1472 1453 jura·

209 1492 353 1541 mentum
379 1477 541 1560 deponere
567 1497 631 1538 non
656 1479 788 1557 curavit,
813 1477 887 1540 ideo
909 1477 1181 1560 quandocumque
1205 1480 1354 1540 inventus
1379 1476 1474 1541 luerit

209 1586 242 1646 in
266 1585 392 1647 civitate
417 1597 524 1646 nostre
546 1583 758 1646 habitacionis
775 1584 915 1645 vindicta
932 1598 1133 1666 sumpmstur
1157 1585 1197 1646 de
1221 1584 1337 1647 eodem
1360 1604 1472 1647 secuu-
1578 1652 1582 1659 ⁴

210 1691 288 1752 dum
311 1690 577 1753 consvetudinem
601 1691 738 1753 civitatis
762 1693 983 1773 approbatam.

315 1797 393 1859 Item
415 1797 591 1879 Dyonisius
615 1810 646 1859 et
663 1796 823 1858 Martinus
847 1809 957 1858 contra
982 1798 1106 1859 Marsas
1129 1796 1271 1859 secundo
1296 1795 1382 1858 citati
1406 1815 1473 1857 non

212 1917 471 1986 comparuerunt.

315 2009 393 2071 ltem
418 2010 530 2071 Marko
564 2008 755 2071 Kemzinich
788 2021 898 2070 contra
931 2007 1057 2070 Mikech
1090 2023 1232 2071 sutorem
1256 2010 1399 2072 secundo
1431 2010 1473 2072 ci-

210 2128 294 2178 tatus
317 2134 383 2177 non
408 2116 597 2198 comparuit.

317 2221 396 2284 ltem
428 2221 610 2283 Anthonius
641 2221 779 2283 Zitsrich
812 2235 923 2284 contra
947 2222 1062 2283 Paulas
1091 2222 1233 2284 secundo
1265 2223 1378 2284 citatus
1408 2242 1474 2284 non

213 2328 402 2410 comparuit.

317 2433 394 2495 Item
426 2433 571 2496 Thomas
600 2448 710 2496 contra
743 2435 899 2496 Jacobum
931 2433 1102 2517 pellificem
1133 2435 1234 2496 tercio
1267 2436 1380 2497 citatus
1409 2455 1474 2496 non

212 2540 408 2621 comparuit;
433 2541 500 2621 ipse
525 2555 632 2602 autern
658 2542 796 2602 Jacobus
819 2561 872 2603 sex
902 2560 1016 2622 pensas
1039 2555 1148 2602 contra
1174 2542 1279 2623 ipsum
1304 2541 1474 2622 allegabat,

210 2665 305 2727 super
328 2647 445 2727 quibus
461 2646 641 2708 testificabit
664 2666 721 2729 per
738 2647 907 2710 Marenum
929 2646 1066 2709 condam
1084 2647 1223 2728 juratum
1249 2662 1279 2709 et
1303 2646 1473 2709 Crisanum

213 2752 446 2833 carpentarium
471 2767 585 2815 octavo
609 2753 672 2815 die.

316 2858 393 2919 Item
426 2857 538 2921 Gozka
569 2873 679 2921 contra
711 2860 804 2921 luech
827 2861 927 2922 tercio
959 2861 1051 2922 citata
1085 2880 1149 2921 non
1175 2859 1372 2941 comparuit;
1404 2859 1472 2940 ipse

212 2977 318 3025 autem
342 2964 437 3026 luech
461 2967 622 3028 asserebat
645 2980 753 3029 contra
787 2967 906 3048 ipsam,
938 2966 1027 3048 quod
1051 2967 1153 3049 ipsum
1187 2985 1243 3047 per
1267 2964 1381 3027 faciem
1405 2985 1475 3047 per-

212 3071 358 3133 cussisset
371 3084 402 3133 et
418 3085 532 3134 octavo
546 3071 598 3134 die
611 3072 758 3133 atestabit
771 3092 828 3154 per
841 3072 1006 3134 Geninum
1021 3074 1087 3155 Lep
1105 3085 1136 3134 et
1148 3071 1316 3134 Chernech
1331 3090 1475 3152 parvum.

318 3178 396 3240 item
431 3178 557 3239 Malech
589 3191 621 3241 et
656 3179 767 3240 Petrus
797 3193 912 3240 octavo
950 3179 1002 3240 die
1037 3199 1095 3261 per
1127 3179 1234 3240 Mathe
1269 3190 1410 3238 sutorem
1446 3190 1477 3237 et

214 3281 378 3344 Franchelc
412 3282 568 3367 producet
603 3284 823 3346 testimonium
864 3298 973 3346 contra
1013 3283 1247 3347 Chuchlronem
1283 3283 1372 3365 quod
1408 3283 1474 3364 ipse

214 3387 376 3470 quandam
399 3390 578 3472 plantulam
602 3390 694 3452 vinee
719 3404 944 3473 comparasset.

304 3605 401 3681 teria
430 3611 536 3682 tercia
564 3611 718 3699 proxima
748 3618 826 3682 ante
853 3610 976 3682 festum
1005 3609 1220 3684 ascensionis
1249 3612 1383 3683 domini.

752 3763 818 3839 (29.
842 3765 935 3841 mari).

320 3902 429 3964 Primo
461 3901 668 3965 Sebestianus
700 3901 836 3964 condam
869 3902 965 3983 judex
988 3916 1103 3965 octavo
1135 3903 1186 3965 die
1211 3903 1397 3965 testimonio
1421 3903 1477 3965 Ni·

213 4007 295 4070 colai
320 4007 468 4070 Odolasii
493 4022 524 4071 et
548 4008 657 4070 Parler
681 4009 829 4070 atestabit
844 4028 940 4091 super
964 4029 1013 4088 eo,
1038 4009 1126 4091 quod
1150 4010 1363 4071 tricesimstor
1388 4009 1477 4070 Leon

214 4126 246 4175 et
269 4114 389 4177 Batista
412 4115 516 4176 noctis
547 4115 580 4175 in
612 4113 746 4176 silencio
776 4113 960 4177 insidiando
987 4116 1116 4177 armatis
1147 4116 1297 4177 manibus
1322 4134 1378 4196 per
1401 4114 1477 4175 civi·

213 4233 311 4284 tatem
335 4221 561 4284 ambulassent.

317 4326 395 4390 ltem
420 4328 579 4390 Patlerius
602 4341 712 4389 contra
737 4328 906 4389 Marenum
925 4328 1030 4410 primo
1055 4329 1169 4390 citatus
1193 4348 1259 4390 non
1284 4327 1476 4410 comparuit.

318 4432 396 4496 Item
422 4432 590 4496 Chernech
616 4448 725 4496 contra
748 4433 929 4495 iohannem
958 4448 1071 4495 octavo
1095 4434 1147 4496 die
1171 4434 1388 4516 respondebit.

319 4538 398 4602 ltem
423 4559 517 4602 causa
548 4540 681 4620 Georgii
713 4541 843 4601 sartoris
872 4554 903 4601 et
934 4540 1075 4602 filiorum
1102 4540 1226 4603 Crissni
1259 4553 1306 4602 est
1329 4559 1385 4620 per
1409 4540 1477 4600 Ma·

213 4662 326 4706 renum
351 4644 391 4706 sd
416 4659 489 4707 octo
513 4645 582 4706 dies
606 4660 729 4728 recepta
755 4646 794 4706 ad
820 4666 939 4728 pacem.

320 4750 397 4812 ltem
423 4751 560 4834 Mykech
585 4751 701 4832 Magde
718 4765 828 4814 contra
846 4753 935 4814 Marlr
952 4752 1057 4835 primo
1074 4752 1187 4815 citatus
1203 4772 1268 4814 non
1286 4752 1478 4834 comparuit.
1524 4750 1531 4762 '
