3472 5234
263 270 330 348 264
647 271 732 326 Anno
755 265 849 344 1386.
876 303 915 311 —
940 283 989 343 23.
1014 269 1141 328 octobris.

363 479 441 540 Item
459 479 525 562 Syb
550 479 657 540 Endre
682 492 791 539 contra
814 477 993 541 Fabianum
1022 479 1182 540 literatum
1207 480 1312 560 primo
1330 479 1443 541 citatus
1458 500 1523 541 uon

260 585 449 667 comparuit.

362 690 440 752 Item
464 690 552 770 quod
577 690 651 770 quia
676 689 827 750 dominus
850 690 949 751 abbas
972 703 1066 750 testes
1090 705 1199 751 contra
1224 690 1426 751 Anthonium
1451 711 1516 751 car·

257 796 382 858 nificem
419 797 450 856 in
484 793 567 856 Iacto
596 794 785 856 violacionis
817 795 963 856 cimiterii
997 795 1173 877 producere
1206 795 1326 857 debens
1351 815 1416 857 non
1450 815 1522 878 pro·

257 903 356 975 duxit,
382 901 455 962 ideo
480 921 608 962 causam
632 919 721 961 suam
747 900 896 982 perdidit.

275 1119 371 1194 Ferit
400 1127 507 1194 tercia
534 1124 689 1211 proxima
717 1130 793 1210 post
821 1122 943 1192 festum
971 1119 1127 1192 Undecim
1155 1121 1297 1192 millium
1325 1123 1505 1210 virginum.

779 1277 845 1348 (23.
869 1272 1011 1347 octobris).

362 1415 441 1475 Item
467 1414 613 1497 Mychael
638 1412 723 1475 filius
747 1412 897 1474 Damiani
922 1426 1032 1474 contra
1056 1412 1226 1473 dominum
1254 1413 1396 1474 Blasium
1418 1414 1523 1494 prImo

258 1520 371 1580 citatus
395 1540 461 1582 non
486 1520 674 1601 comparuit.

362 1625 441 1688 Item
458 1646 553 1687 causa
578 1627 700 1686 Mareni
725 1640 835 1687 contra
860 1623 1055 1704 Gregorium
1079 1622 1213 1684 voschar
1237 1636 1267 1684 et
1291 1623 1463 1684 Nicolaum
1488 1622 1523 1684 fi-

257 1730 336 1792 lium
362 1731 486 1793 Odolas
510 1732 550 1792 ad
574 1744 722 1793 octavum
748 1730 832 1791 diem
858 1730 898 1791 ad
924 1748 1034 1810 pacem
1057 1743 1103 1789 est
1127 1741 1263 1811 recepta.

363 1837 441 1898 Item
456 1837 590 1918 Egidius
614 1837 772 1912 sacerdos,
797 1836 960 1897 lohannes
984 1834 1126 1896 literatus
1151 1849 1181 1895 et
1205 1835 1323 1896 Paulus
1347 1835 1452 1917 primo
1477 1835 1524 1897 ci-

258 1942 315 2002 tati
341 1963 404 2003 non
434 1955 692 2023 comparuerunt.

365 2048 445 2109 Item
470 2068 563 2110 causa
595 2047 751 2109 Anthonii
785 2046 900 2108 literati
933 2060 1042 2108 contra
1066 2045 1193 2129 ,Gyuan
1218 2044 1381 2107 Gallicum
1405 2046 1445 2107 ad
1471 2065 1523 2107 oc-

259 2167 368 2214 tavum
393 2154 479 2215 diem
503 2154 543 2214 ad
567 2173 680 2235 pacem
704 2166 750 2214 est
773 2167 909 2234 recepta.

365 2260 444 2321 Item
468 2279 560 2322 causa
586 2259 676 2320 Pauli
708 2258 823 2320 literati
856 2272 964 2319 contra
992 2256 1154 2340 Glesnyalr
1186 2257 1226 2318 ad
1251 2271 1402 2318 octavum
1436 2258 1523 2320 diem

259 2378 305 2426 est
328 2378 509 2447 prorogata.

365 2471 443 2532 Item
460 2491 554 2532 causa
573 2471 656 2532 Petri
678 2485 787 2532 contra
807 2469 923 2552 Gyuan
940 2469 980 2531 ad
998 2484 1147 2530 octavum
1165 2469 1252 2531 diem
1277 2484 1324 2530 est
1339 2483 1522 2552 prorogata.

363 2576 440 2637 Item
466 2597 560 2638 causa
584 2576 668 2637 Petri
693 2590 803 2638 contra
829 2574 1006 2657 Georgium
1028 2590 1170 2637 sutorem
1195 2576 1234 2636 ad
1260 2590 1409 2638 octavum
1435 2576 1523 2638 diem

258 2694 304 2742 est
327 2697 509 2764 prorogata.

364 2788 442 2850 Item
468 2808 562 2849 causa
596 2786 814 2869 Kupunouich
846 2801 956 2849 contra
990 2787 1167 2869 Symonem
1198 2789 1373 2850 salivenam
1405 2789 1445 2850 ad
1470 2809 1523 2851 oc·

258 2909 367 2955 tavum
392 2894 478 2954 diem
503 2908 549 2955 est
573 2907 753 2975 prorogata.

364 3000 441 3060 Item
475 3020 568 3060 causa
601 3001 712 3058 Kusko
744 3012 853 3058 contra
879 2998 961 3058 lvvan
995 2999 1147 3059 clericum
1180 2999 1219 3060 ad
1252 3013 1401 3060 octavum
1435 3000 1522 3061 diem

260 3119 306 3166 est
330 3119 510 3186 prorogata.

364 3209 440 3270 Item
472 3209 634 3271 Iohannes
665 3207 749 3269 filius
779 3209 862 3269 Petri
895 3224 1005 3270 contra
1031 3209 1224 3291 Gregorium
1257 3224 1372 3272 octavo
1397 3211 1448 3272 die
1474 3232 1522 3272 re·

258 3315 439 3395 spondebit.

362 3418 439 3479 Item
474 3419 581 3480 Mathe
616 3419 775 3499 gladiator
811 3433 920 3480 contra
955 3421 1129 3481 Martinum
1162 3422 1267 3502 primo
1304 3423 1418 3483 citatus
1455 3443 1520 3483 non

257 3526 445 3604 comparuit.

362 3629 440 3690 Item
471 3630 536 3711 Syb
562 3631 669 3690 Endre
702 3645 812 3693 contra
837 3632 1017 3693 Fabianum
1049 3633 1211 3694 literatum
1233 3635 1376 3696 secundo
1405 3634 1521 3696 citatus

257 3753 321 3794 non
348 3735 538 3815 comparuit.

364 3838 441 3901 Item
467 3839 612 3922 Mathyas
629 3855 729 3901 sartor
746 3862 804 3923 pro
821 3843 953 3903 vulnere
967 3845 1103 3905 Nicolao
1122 3844 1284 3926 Glesnyalt
1309 3865 1410 3926 usque
1427 3846 1521 3926 quin·

258 3943 355 4004 denas
378 3945 521 4026 quinque
547 3966 670 4007 marcas
686 3948 810 4008 solvere
828 3949 923 4009 debet
947 3964 977 4010 et
1001 3950 1097 4030 judici
1116 3950 1256 4010 mediam
1276 3970 1434 4027 marcam;
1452 3951 1521 4032 ipse

257 4063 362 4111 autem
390 4051 535 4133 Mathyas
560 4052 677 4113 dictam
703 4073 831 4115 causam
856 4054 896 4114 ad
924 4057 1074 4135 antiquos
1098 4055 1219 4134 judices
1243 4057 1427 4137 appellavit.

363 4155 442 4217 Item
468 4156 620 4240 Gyurgya
645 4174 759 4220 octavo
784 4159 835 4220 die
867 4161 1008 4221 secundo
1033 4181 1065 4221 se
1095 4181 1189 4242 super
1214 4181 1253 4222 eo
1278 4161 1404 4240 jurabit,
1430 4163 1521 4243 quod

256 4259 324 4339 ipsa
349 4261 534 4344 Philippum
559 4284 663 4345 neque
688 4286 777 4326 suam
803 4281 983 4327 consortem
1008 4267 1226 4348 vituperasset.

362 4367 439 4428 Item
466 4370 632 4430 Emericus
656 4386 744 4431 sutor
768 4387 882 4433 octavo
906 4372 957 4432 die
986 4373 1128 4433 secundo
1153 4392 1184 4432 se
1209 4394 1303 4454 super
1329 4394 1367 4434 eo
1392 4373 1521 4454 jurabit,

256 4473 343 4551 quod
368 4474 472 4554 ipsum
497 4477 609 4558 laklyn
637 4477 841 4539 vulnerasset.

361 4578 439 4641 Item
472 4582 604 4642 domIna
636 4602 766 4643 consors
791 4583 874 4644 Petri
900 4597 1014 4644 octavo
1048 4585 1098 4644 die
1132 4586 1274 4646 secundo
1298 4605 1330 4646 se
1355 4605 1450 4666 super
1481 4605 1521 4647 eo

254 4680 382 4762 jurabit,
407 4686 494 4765 quod
520 4687 621 4767 ipsam
647 4687 731 4749 lwan
756 4688 963 4750 vulnerasset.
