3472 5234
597 343 681 399 Anno
704 338 798 417 1386.
823 374 864 384 -·
889 351 936 416 17.
962 343 1132 402 novembris.
1437 341 1500 423 267

341 553 418 613 Item
458 552 568 613 Petrus
594 551 731 632 Wogrin
756 565 865 612 contra
898 550 1114 632 Dragozlaum
1151 551 1255 633 primo
1288 552 1400 613 citatus
1434 571 1499 612 non

235 658 424 740 comparuit.

339 764 417 824 Item
449 782 542 824 causa
575 763 703 824 Martini
737 776 844 825 contra
878 762 985 823 Mathe
1023 763 1061 822 ad
1095 763 1236 844 primum
1273 762 1428 842 judicium
1454 776 1500 823 est

239 883 419 951 prorogata.

339 976 418 1037 Item
435 974 581 1056 Mychael
606 973 836 1036 Stachunarich
859 988 968 1035 contra
994 974 1150 1054 Scitarigh
1175 974 1279 1056 primo
1304 974 1417 1034 citatus
1435 991 1498 1033 non

238 1081 428 1162 comparuit.

340 1187 417 1249 Item
444 1185 585 1247 Iwchech
611 1199 721 1246 contra
745 1185 853 1248 Mathe
870 1186 1012 1247 secundo
1037 1186 1151 1248 citatus
1176 1206 1240 1247 non
1263 1185 1452 1266 comparuit.

341 1293 418 1354 Item
455 1292 577 1374 Symon
613 1291 755 1353 salivena
794 1305 904 1352 contra
936 1291 1107 1352 Nicolaum
1145 1291 1250 1372 primo
1286 1291 1399 1351 citatus
1435 1308 1499 1349 non

236 1399 425 1481 comparuit.

340 1505 417 1566 Item
444 1505 594 1565 Mareuus
618 1524 674 1585 per
699 1502 877 1584 Georgium
901 1503 1139 1564 stachunarium
1164 1516 1194 1564 et
1220 1503 1398 1564 Iohannem
1418 1500 1498 1563 Gra·

234 1610 318 1692 chyn
343 1623 457 1670 octavo
482 1609 533 1669 die
558 1609 618 1670 hoc
643 1609 800 1687 atestabit‚
825 1608 913 1689 quod
939 1609 1043 1689 ipsum
1067 1606 1243 1689 Gregorius
1267 1607 1400 1668 voschar
1418 1609 1500 1669 vitu·

235 1730 385 1798 perasset‚
410 1730 440 1776 et
464 1715 525 1777 alie
550 1735 643 1776 cause
668 1715 811 1775 eiusdem
840 1728 912 1775 sunt
937 1727 1125 1795 presentare.

341 1821 418 1882 Item
450 1841 545 1882 causa
577 1821 700 1881 domiui
733 1821 822 1881 Luka
854 1834 963 1882 contra
992 1819 1118 1880 Berend
1151 1833 1181 1880 et
1213 1820 1281 1880 eius
1311 1820 1496 1881 societatem

235 1947 336 2008 usque
360 1927 400 1988 ad
426 1940 499 1989 octo
523 1927 592 1988 dies
616 1940 662 1988 est
685 1940 864 2007 prorogata.

341 2032 419 2094 Item
444 2032 532 2113 quod
557 2032 631 2112 quia
657 2029 816 2112 Georgius
840 2030 996 2113 Gerdnyn
1021 2046 1052 2092 et
1068 2030 1230 2091 Iohannes
1255 2029 1339 2092 filius
1364 2031 1448 2092 Petri
1467 2031 1499 2091 in

233 2139 375 2218 quodam
408 2139 483 2198 vino
515 2137 657 2199 consocii
689 2135 824 2215 fuerint,
856 2137 929 2197 ideo
963 2138 1059 2197 ambo
1094 2136 1234 2198 sedecim
1268 2156 1390 2198 marcas
1414 2137 1498 2197 Iwan

234 2243 391 2305 canonico
416 2244 541 2304 solvere
566 2242 702 2319 debent;
735 2244 801 2324 ipse
826 2255 932 2304 autem
966 2241 1129 2303 Iohannes
1161 2242 1278 2303 dictam
1305 2261 1433 2304 causam
1458 2242 1499 2302 ad

236 2349 387 2428 antiquos
411 2348 532 2428 judices
556 2347 740 2430 appellavit.

339 2472 415 2535 Item
436 2473 543 2534 Haase
561 2472 748 2533 Carintinus
764 2491 865 2553 usque
892 2472 1072 2553 quindenas
1089 2472 1224 2533 Nicolao
1237 2472 1337 2533 sutori
1355 2472 1498 2552 quinque

234 2599 356 2640 marcas
379 2578 503 2640 solvere
529 2579 623 2639 debet
648 2598 705 2659 pro
733 2579 802 2638 eius
826 2578 968 2639 vulnere.

341 2684 418 2746 Item
443 2705 575 2746 consors
600 2686 710 2745 Kusko
727 2686 869 2746 secundo
886 2704 918 2744 se
943 2698 1057 2745 octavo
1075 2683 1126 2746 die
1150 2683 1268 2763 jurabit
1291 2684 1378 2763 quod
1399 2684 1498 2765 ipsam

233 2792 318 2852 Iwan
344 2791 487 2853 literatus
510 2791 717 2852 vulnerasset.

339 2896 417 2957 Item
442 2916 535 2958 causa
562 2897 644 2957 Petri
670 2909 779 2958 contra
809 2896 918 2957 Placht
943 2915 1043 2976 usque
1072 2909 1221 2956 octavum
1246 2894 1331 2955 diem
1357 2910 1403 2956 est
1426 2916 1499 2978 pro-

235 3017 356 3084 rogata.

339 3108 415 3170 Item
441 3107 601 3191 Georgius
625 3110 664 3170 de
690 3109 844 3170 Rakouch
870 3124 983 3171 octavo
1008 3110 1060 3170 die
1088 3111 1186 3171 tercio
1211 3130 1244 3172 se
1266 3130 1361 3192 super
1385 3130 1424 3172 eo
1452 3110 1499 3189 ju-

234 3216 326 3292 rabit,
351 3215 439 3295 quod
464 3215 595 3296 quidam
621 3235 722 3296 equus
746 3235 822 3276 suus
846 3213 966 3277 fuisset.

339 3320 416 3381 Item
443 3321 567 3382 Blasius
591 3320 674 3382 filius
697 3320 805 3382 Wzod
830 3336 943 3382 octavo
972 3322 1024 3382 die
1050 3320 1116 3383 filio
1142 3323 1248 3382 Petres
1272 3341 1330 3403 pro
1356 3321 1498 3402 quodam

233 3423 397 3486 furticimo
423 3446 522 3487 unum
548 3427 663 3508 pedem
689 3441 827 3488 mactare
851 3426 956 3489 debet.

683 3652 829 3750 Sequens
858 3663 1045 3734 sabbatum.

726 3812 789 3890 (17.
813 3816 993 3891 novembris).

612 3975 754 4046 JuIIcium
776 3977 959 4047 antiquorum
980 3978 1115 4049 judicum.

339 4128 417 4190 Item
443 4130 596 4192 Nicolaus
621 4130 785 4213 GIesnyak
817 4145 931 4192 octavo
965 4133 1016 4193 die
1040 4133 1181 4193 secundo
1212 4153 1245 4194 se
1269 4153 1364 4214 super
1388 4153 1427 4194 eo
1451 4133 1499 4213 ju·

234 4234 326 4312 rabit,
351 4234 439 4314 quod
464 4235 601 4296 Mathias
624 4252 725 4298 sartor
751 4237 856 4318 ipsum
890 4237 921 4297 in
948 4237 1046 4299 libera
1080 4239 1130 4299 via
1154 4238 1382 4319 procedentem
1407 4259 1496 4321 repe·

233 4339 356 4418 riendo,
381 4341 437 4401 sed
461 4361 525 4403 non
553 4343 640 4422 quod
666 4344 732 4425 ipse
754 4343 906 4404 Nicolaus
930 4343 969 4404 ad
988 4344 1121 4405 domum
1145 4362 1236 4405 suam
1261 4345 1408 4421 venisset,
1427 4346 1496 4406 vul·

233 4460 383 4523 necasset,
407 4466 445 4507 eo
466 4448 554 4527 quod
571 4448 659 4510 nulla
677 4448 820 4531 parcium
839 4449 943 4530 potuit
960 4451 1169 4530 comprobare
1194 4449 1297 4530 qualis
1316 4450 1493 4532 incepisset.

339 4551 416 4613 Item
440 4553 545 4633 primo
577 4553 739 4615 Iohannes
771 4553 856 4615 filius
888 4555 971 4616 Petri
996 4555 1083 4616 solus
1114 4569 1228 4616 octavo
1260 4556 1312 4616 die
1336 4575 1432 4637 super
1459 4575 1497 4617 eo

232 4656 361 4736 jurabit,
386 4660 473 4738 quod
498 4659 564 4740 ipse
593 4679 710 4721 novem
743 4680 864 4721 marcas
895 4681 913 4721 a
939 4660 1080 4741 Georgio
1105 4675 1136 4722 et
1167 4661 1236 4722 eius
1259 4675 1406 4723 consorte
1434 4680 1499 4723 non

232 4762 411 4844 recepisset.
