3472 5234
601 305 802 387 Anno1384.
828 343 869 353 —
893 323 942 386 25.
967 308 1144 384 septembris.

452 518 613 580 Johannes
636 519 745 581 Vasas.

452 625 636 686 Mauricius.

453 730 614 812 Georgius
637 730 866 792 stachunarius.
997 731 1236 812 Hungarorum.

452 836 633 918 Stephanus
657 834 752 899 frater
777 837 862 898 Jaxe.
927 764 940 978 l

451 941 626 1024 Gregorius
649 942 734 1004 filius
758 942 883 1023 Angeli.

450 1154 614 1237 Myklinus
637 1153 722 1216 filius
746 1154 910 1216 Iohannis.

450 1261 588 1322 Iacobus
615 1261 705 1324 Bole.

451 1366 598 1449 Mychael
624 1364 801 1448 Ortoflych.
924 1397 940 1611 p
1003 1365 1240 1427 Teutonorum.

450 1473 535 1533 Iwan
560 1470 728 1534 Wrouich.

449 1577 556 1661 Hemp
581 1576 729 1659 lapicida.

345 1806 423 1868 Item
450 1827 506 1889 per
530 1805 688 1889 prefatum
714 1805 882 1867 dominum
906 1805 1120 1867 Laurencium
1144 1804 1283 1886 judicem
1308 1819 1340 1867 et
1363 1805 1432 1866 eius
1456 1805 1504 1886 ju·

242 1925 329 1974 ratos
353 1932 389 1974 ac
414 1913 614 1976 consiliarios
638 1913 784 1974 universa
808 1925 922 1974 statuta
947 1924 978 1974 et
1006 1912 1131 1974 decreta
1157 1912 1189 1972 in
1214 1911 1284 1973 aliis
1308 1911 1447 1992 antiquis
1472 1925 1505 1973 et

239 2019 272 2080 in
300 2021 438 2100 presenti
463 2022 593 2081 laterna
616 2020 808 2101 conscripta,
840 2031 914 2080 sunt
946 2017 1131 2080 confirmata
1164 2032 1194 2080 et
1218 2020 1367 2079 roborata
1401 2016 1503 2078 invio·

241 2124 379 2187 labiliter
403 2126 613 2188 observanda.

345 2249 422 2312 Item
440 2249 526 2313 idern
551 2249 703 2311 dominus
728 2249 923 2311 laurencius
950 2247 1045 2330 judex
1075 2261 1106 2309 et
1130 2247 1198 2308 eius
1221 2246 1314 2328 jurati
1337 2268 1374 2308 ac
1398 2248 1501 2309 consi-

240 2354 323 2416 liarii
349 2369 526 2417 statuerunt
551 2355 660 2417 fecisse
679 2374 779 2417 unum
797 2355 937 2437 lapidem
959 2374 1054 2436 super
1070 2353 1226 2431 kathenis‚
1251 2366 1284 2415 ut
1308 2373 1500 2435 quecunque

240 2462 401 2544 penestice
426 2482 458 2524 se
484 2476 596 2524 mutuo
622 2463 652 2524 in
678 2460 748 2524 foro
766 2461 991 2543 vituperarent,
1016 2473 1092 2522 tunc
1112 2460 1191 2521 tales
1215 2480 1247 2521 se
1271 2461 1498 2541 vituperantes,

237 2587 301 2630 una
327 2588 437 2630 earum
461 2588 479 2630 a
503 2568 608 2630 hostio
625 2569 723 2630 sancti
743 2567 840 2629 Marci
859 2586 961 2649 usque
979 2567 1113 2628 Parvum
1137 2580 1261 2647 portam
1279 2586 1374 2648 super
1391 2566 1499 2628 colum

237 2694 342 2754 suum,
367 2690 397 2737 et
420 2676 482 2738 alia
506 2677 546 2737 ab
572 2676 638 2757 ipsa
658 2689 749 2757 porta
767 2694 868 2755 usque
893 2673 1014 2735 dictum
1031 2673 1173 2734 hostium
1189 2673 1288 2734 sancti
1310 2673 1407 2734 Marci
1423 2692 1501 2755 por·

237 2796 302 2842 tare
328 2782 476 2845 debeant.

420 3052 517 3126 Feria
545 3061 644 3125 sexta
672 3061 749 3142 post
775 3052 899 3124 festum
928 3052 1051 3122 Mathei
1082 3041 1334 3138 ewangeliste*

725 3209 791 3282 (23.
828 3193 1013 3279 septembres).

344 3347 422 3408 Item
448 3344 633 3425 Mosnarigh
650 3357 759 3405 contra
778 3342 955 3424 Georgium
973 3342 1076 3424 primo
1094 3343 1206 3404 citatus
1223 3362 1287 3404 non
1309 3342 1498 3424 comparuit.

343 3470 419 3531 Item
444 3469 583 3530 lacobus
606 3465 735 3549 pellifex
769 3480 878 3529 contra
904 3467 989 3548 Span
1014 3465 1168 3548 quasdam
1201 3466 1307 3528 literas
1331 3464 1495 3547 expedito-

236 3577 299 3637 rias
323 3575 472 3637 exhibere
497 3574 600 3637 debet.

340 3699 419 3761 Itenr
443 3700 580 3761 Iacobus
605 3696 683 3758 Bole
708 3709 738 3758 et
763 3696 877 3758 Paulas
901 3711 1009 3758 contra
1028 3696 1168 3758 Endrich
1193 3696 1297 3777 primo
1316 3696 1400 3757 citati
1428 3715 1492 3757 non

235 3818 493 3887 comparuerunt.

340 3911 418 3972 Item
444 3911 565 3992 Symon
583 3921 692 3970 contra
711 3908 911 3990 Mychaelenr
931 3909 1057 3970 fabrum
1075 3922 1188 3969 octavo
1207 3907 1259 3967 die
1277 3906 1494 3988 respondebit.

341 4035 419 4096 Item
433 4033 616 4095 Anthonius
628 4033 724 4093 Renis
737 4047 845 4094 contra
859 4033 1071 4113 tegulatorem
1086 4046 1199 4093 octavo
1213 4031 1264 4092 die
1278 4030 1495 4113 respondebit.

340 4157 418 4219 Item
442 4158 529 4239 quod
555 4158 631 4238 quia
657 4157 782 4218 Marcus
808 4156 950 4219 Gallicus
975 4171 1005 4219 et
1036 4156 1084 4217 sui
1110 4155 1322 4234 fideiussores,
1346 4155 1498 4218 videlicet

235 4263 431 4344 Dragozlaus
456 4278 486 4324 et
512 4261 618 4324 Mathe
643 4262 782 4323 decanus
806 4278 869 4325 tres
886 4283 1007 4325 marcas
1031 4262 1236 4323 denariorum
1263 4262 1405 4343 Georgio
1430 4284 1495 4324 sar·

233 4368 304 4446 tori,
329 4387 408 4448 quas
425 4389 483 4451 pro
499 4368 692 4449 quibusdam
706 4370 987 4430 verberacionibus
1003 4383 1034 4430 et
1050 4368 1343 4450 vituperacionibus
1368 4369 1493 4429 solvere

233 4472 396 4551 deberent,
420 4474 563 4556 plenarie
587 4474 818 4556 persolverunt,
844 4475 917 4537 ideo
941 4488 1015 4537 sunt
1039 4473 1188 4556 expediti.

340 4578 417 4641 Item
440 4579 576 4641 Selezlto
600 4592 709 4641 contra
734 4581 911 4642 Francham
942 4581 1045 4663 prImo
1078 4580 1190 4641 citatus
1213 4598 1277 4640 non
1303 4580 1492 4660 comparuit.

337 4783 512 4838 *Citationes
530 4795 556 4838 et
574 4790 717 4840 sententiae
736 4807 751 4840 a
770 4790 901 4840 februario
922 4804 1004 4853 usque
1023 4795 1161 4853 augustum
1180 4787 1281 4838 desunt.
