3472 5234
659 310 746 366 Anno
769 305 858 386 1376.
883 342 926 353 —
950 324 979 370 2.
1004 311 1084 369 nrau'.
1459 330 1498 390 39

342 517 421 580 Item
445 538 501 601 per
524 517 675 601 judicem,
699 519 820 599 juratos
844 534 875 581 et
897 533 998 581 totam
1030 520 1295 583 communitatem
1326 521 1386 583 fuit
1409 520 1495 583 ordi-

237 638 348 687 natum
372 637 402 686 et
425 638 579 687 statutum
602 640 757 708 perpetuo
790 625 1038 705 observandum,
1061 626 1149 707 quod
1173 626 1248 707 quia
1272 640 1346 689 sunt
1370 627 1493 689 nonulli

237 731 385 793 homines
408 744 439 793 et
462 731 643 813 specialiter
666 732 784 793 Batista
809 751 882 793 cum
914 732 979 792 suis
1002 730 1213 813 complicibus
1244 745 1275 794 et
1298 732 1495 811 commitiva,

236 837 291 919 qui
316 837 418 899 noctis
441 837 473 898 in
497 836 631 898 silencio
655 838 783 898 armatis
813 837 963 898 manibus
985 850 1057 919 post
1082 856 1271 919 campanam
1295 858 1351 899 seu
1368 838 1495 920 pulsum

235 942 488 1005 latrunculorum
512 943 699 1024 divagarent
720 943 875 1005 latitando
892 963 982 1004 more
1004 943 1196 1022 latrocinali,
1220 957 1255 1005 ut
1277 944 1302 1005 si
1328 944 1367 1005 de
1391 957 1496 1006 cetero

235 1048 355 1110 inventi
379 1046 497 1111 fuerint
520 1061 551 1110 et
573 1048 770 1131 reprehensi,
795 1049 981 1110 incarcerari
1010 1061 1041 1110 et
1064 1048 1171 1131 puniri
1195 1048 1382 1128 debeantur,
1408 1049 1495 1130 quod

234 1155 260 1215 si
283 1154 379 1216 occisi
404 1153 498 1217 luerit
522 1154 573 1216 vel
590 1153 708 1216 luerint
731 1174 787 1237 per
803 1155 952 1217 custodes
975 1154 1122 1233 civitatis,
1139 1154 1211 1217 talis
1229 1155 1269 1216 de
1286 1155 1413 1217 civitate
1430 1174 1495 1217 non

234 1261 389 1323 evelletur
413 1280 470 1322 nec
494 1260 629 1342 aliquod
653 1260 830 1343 dampnum
854 1280 909 1322 seu
935 1260 1116 1322 molestiam
1135 1261 1200 1342 pati
1224 1261 1339 1322 debeat
1362 1280 1418 1323 seu
1442 1261 1497 1323 de·

236 1367 332 1428 beant
355 1367 425 1449 ipso
453 1365 548 1428 lacto.

340 1491 419 1554 Item
442 1492 529 1553 lwan
553 1490 690 1553 condam
722 1511 818 1573 preco
850 1504 960 1552 contra
984 1490 1166 1553 Korardum
1197 1503 1355 1553 textorem
1387 1491 1493 1572 primo

233 1598 346 1660 citatus
369 1615 434 1659 non
459 1597 647 1679 comparuit.

338 1702 415 1764 Item
441 1704 553 1765 Marko
577 1701 662 1764 filius
686 1701 808 1764 Gemez
830 1716 939 1764 contra
959 1701 1139 1763 iohannem
1164 1701 1327 1764 Chemerii
1352 1702 1495 1764 secundo

233 1808 345 1870 citatus
368 1828 434 1870 non
459 1808 648 1890 comparuit.

337 1915 415 1977 Item
448 1914 610 1975 Janslinus
648 1915 752 1975 taskar
786 1926 895 1976 contra
928 1914 1112 1995 Dragonam
1143 1914 1248 1997 primo
1281 1914 1395 1977 citatus
1427 1933 1494 1976 non

232 2020 421 2102 comparuit.

337 2143 415 2205 Item
440 2143 620 2226 Stephanus
644 2156 753 2204 contra
770 2142 950 2204 Johannem
973 2143 1104 2224 vigilem
1127 2144 1269 2206 secundo
1293 2144 1408 2206 citatus
1424 2163 1489 2206 non

231 2249 419 2332 comparuit.

336 2357 415 2417 item
440 2353 620 2437 Stephanus
643 2368 744 2417 sartor
768 2368 878 2417 contra
907 2355 1044 2417 Zitarich
1062 2369 1176 2418 octavo
1200 2356 1251 2417 die
1274 2355 1492 2438 respondebit.

336 2461 415 2524 item
439 2460 623 2522 Anthonius
646 2461 783 2523 Zitarich
800 2481 856 2543 per
873 2460 988 2522 Paulas
1012 2474 1126 2523 octavo
1143 2460 1195 2523 die
1219 2461 1366 2523 atestabit
1379 2473 1489 2523 contra

231 2567 418 2648 magistrum
443 2566 598 2629 Mathiam
622 2566 818 2629 aurifabrum
843 2587 938 2650 super
963 2566 1047 2630 furto
1073 2568 1166 2630 unius
1188 2587 1297 2651 perne.

339 2672 417 2734 Item
442 2672 577 2734 Petraua
602 2687 711 2734 contra
736 2672 934 2756 Stephanum
958 2673 1147 2735 sallivenam
1171 2674 1277 2757 primo
1301 2675 1395 2737 citata
1426 2694 1492 2738 non

231 2778 419 2860 comparuit.

335 2884 414 2946 Item
445 2884 566 2947 Mathia
599 2885 759 2947 aurifaber
794 2885 827 2946 in
860 2885 1032 2966 quindenis
1071 2885 1237 2947 Anthonio
1282 2885 1420 2948 Zitarich
1452 2886 1491 2948 lll

230 3009 343 3072 pensas
366 2990 473 3052 minus
495 2991 525 3051 X
549 2990 688 3052 denariis
711 2991 863 3053 exsolvet.

336 3096 414 3158 Item
439 3095 601 3158 lohannes
616 3095 747 3178 pellifex
764 3110 873 3158 contra
891 3097 1050 3159 Briccium
1067 3111 1181 3161 octavo
1198 3097 1250 3160 die
1274 3098 1491 3182 respondebit.

335 3219 413 3282 ltem
439 3219 601 3282 Janslinus
624 3234 738 3282 octavo
763 3220 815 3283 die
843 3221 960 3303 jurabit
984 3222 1016 3283 in
1041 3241 1091 3301 eo,
1123 3223 1211 3305 quod
1237 3225 1303 3306 ipse
1328 3223 1491 3306 quandam

228 3323 359 3408 joppem
389 3344 448 3408 pro
480 3326 581 3388 tribus
610 3326 717 3408 pensis
748 3328 966 3409 comparavit,
998 3341 1029 3392 et
1059 3328 1148 3410 quod
1179 3330 1371 3410 nescivisset,
1403 3330 1491 3412 quod

230 3429 330 3514 ipsam
355 3429 471 3494 furtive
495 3453 513 3493 a
536 3451 595 3493 suo
619 3433 708 3494 socio
731 3432 937 3496 vendidisset.

335 3554 413 3617 ltem
437 3575 531 3617 causa
557 3554 712 3617 Johannis
735 3557 850 3618 Lieber
879 3570 910 3618 et
942 3557 1072 3619 alterius
1104 3558 1259 3621 Johannis
1282 3573 1329 3622 est
1353 3580 1409 3643 per
1442 3559 1492 3641 ju-

230 3659 316 3722 dices
338 3659 379 3722 ad
402 3674 476 3724 octo
501 3662 569 3722 dies
593 3675 776 3745 prorogata.

334 3765 411 3828 Item
436 3768 523 3830 Luca
548 3781 661 3829 octavo
686 3768 737 3829 die
753 3787 810 3850 per
834 3768 987 3830 Malinich
1012 3783 1042 3831 et
1058 3770 1189 3832 Petrum
1206 3768 1364 3833 decanum
1381 3785 1490 3834 contra

229 3871 397 3934 mulierem
422 3871 572 3935 Chernka
596 3887 742 3935 vocatam
760 3875 907 3935 atestabit
923 3875 1051 3937 racione
1076 3875 1290 3957 quarumdam
1306 3877 1489 3941 domorum.

333 3978 410 4040 ltem
444 3978 592 4041 Chernlxa
617 3980 764 4042 atestabit
795 3994 903 4042 contra
935 4000 992 4062 per
1024 3982 1204 4043 Barnabam
1235 3983 1435 4045 sacerdotem
1460 3997 1492 4046 et

228 4081 462 4164 Margaretham
487 4083 655 4146 mulierem
680 4085 827 4147 similiter
851 4085 978 4147 racione
1003 4086 1143 4168 ipsarum
1166 4087 1348 4150 domorum.

332 4189 410 4250 Item
435 4188 537 4251 Cursa
561 4190 802 4252 molendinator
825 4205 934 4253 contra
964 4192 1149 4255 Ladislaum
1172 4193 1257 4255 tular
1280 4192 1421 4255 secundo
1446 4195 1489 4256 ci·

226 4305 309 4355 tatus
333 4313 399 4356 non
423 4296 612 4377 comparuit.

332 4418 410 4481 Item
435 4419 567 4482 domina
592 4421 700 4482 Betres
732 4434 841 4483 contra
866 4421 933 4482 Juri
964 4422 1087 4504 Ryhtar
1110 4435 1224 4484 octavo
1257 4423 1310 4484 die
1334 4443 1367 4484 se
1389 4425 1486 4486 tercia

227 4521 343 4603 jurabit
367 4525 495 4587 racione
519 4525 686 4587 cuiusdam
711 4526 821 4589 debiti.

332 4647 410 4710 Item
436 4647 595 4731 Georgius
621 4651 687 4710 Kus
718 4651 750 4711 in
775 4651 948 4732 quindenis
979 4671 1077 4713 unam
1109 4671 1250 4713 marcam
1280 4652 1487 4716 denariorum

227 4763 358 4835 propter
381 4753 513 4815 verbera
537 4756 644 4815 uxoris
667 4775 722 4816 sue
748 4755 889 4818 exsolvet
913 4770 943 4817 et
967 4755 1065 4837 judici
1090 4757 1230 4818 mediam
1254 4777 1405 4820 marcam.
