3472 5234
615 353 701 410 Anno
723 349 816 428 1382.
840 385 881 395 -
907 350 958 413 18.
982 354 1094 426 aprilis.
1430 352 1489 434 167

327 564 407 626 Item
431 565 494 625 Res
519 577 627 624 contra
652 563 822 625 Nicolaum
854 578 968 625 octavo
993 564 1044 625 die
1069 563 1263 644 respondere
1288 563 1395 627 debet.

328 670 406 732 Item
436 690 530 732 causa
563 669 686 731 domini
720 670 806 730 Luca
844 670 981 731 condam
1015 669 1130 749 judicis
1161 682 1271 731 contra
1304 670 1488 732 Emericum

221 796 412 859 arcuparum
438 776 479 837 ad
504 790 655 837 octavum
679 775 766 835 diem
797 795 852 857 per
885 775 1004 855 juratos
1028 775 1068 837 ad
1099 795 1211 857 pacem
1236 788 1282 838 est
1306 791 1487 858 prorogata.

326 881 404 944 Item
440 902 524 962 pena
557 881 790 962 quinquaginta
822 900 1001 943 marcarum
1034 881 1116 943 inter
1151 882 1282 944 eosdem
1317 880 1486 944 dominum

223 989 345 1050 Lucam
371 1003 401 1049 et
426 988 608 1048 Emericum
633 1001 680 1048 est
703 986 817 1068 posita,
835 1000 870 1049 ut
892 1006 976 1048 unus
993 987 1127 1049 alterum
1146 1007 1204 1048 nec
1221 1006 1294 1049 curn
1319 986 1408 1050 factis
1426 1007 1484 1049 nec

225 1113 298 1156 cum
323 1094 428 1154 verbis
451 1093 591 1154 invadat.

329 1199 408 1260 Item
427 1197 604 1280 Gregorius
628 1199 744 1280 Angeli
768 1219 824 1281 per
854 1197 1007 1259 Mathiam
1026 1198 1286 1280 OrosnykouIch,
1309 1199 1395 1260 Iwan
1409 1199 1489 1261 Hle·

224 1304 331 1385 bopek
355 1304 416 1366 hoc
430 1304 577 1374 atestabit
595 1319 709 1366 octavo
726 1305 778 1366 die
796 1304 885 1385 quod
902 1304 1006 1385 ipsum
1025 1304 1134 1366 Hanse
1153 1303 1253 1366 Scoof
1268 1305 1488 1386 vituperasset.

327 1409 406 1472 Item
431 1410 568 1471 Iacobus
604 1410 729 1472 institor
760 1429 861 1490 usque
892 1409 1072 1491 quindenas
1103 1409 1249 1491 quinque
1281 1429 1403 1471 marcas
1426 1430 1488 1492 pro

221 1516 418 1576 mactacione
443 1516 535 1596 digiti
561 1516 644 1576 Petri
671 1514 783 1577 famuli
808 1514 966 1597 Delasych
990 1516 1114 1577 solvere
1139 1516 1244 1578 debet.

331 1621 408 1683 Item
425 1621 579 1683 Nicolaus
603 1620 742 1683 carnifex
759 1621 901 1683 secundo
925 1641 958 1682 se
975 1634 1090 1683 octavo
1108 1622 1160 1683 die
1177 1640 1272 1705 super
1296 1641 1335 1683 eo
1359 1621 1487 1704 jurabit,

224 1727 313 1808 quod
339 1727 443 1808 ipsum
470 1725 646 1807 Gregorius
670 1725 765 1790 frater
789 1727 937 1788 Damiani
962 1728 1168 1790 vulnerasset.

331 1832 408 1894 Item
433 1852 526 1894 causa
552 1832 677 1894 Nicolai
696 1833 882 1915 Odolasych
903 1847 1011 1896 contra
1030 1832 1224 1916 Gregorium
1249 1834 1429 1916 Woschyar
1446 1833 1487 1895 ad

223 1951 373 1999 octavum
398 1937 485 1999 diem
511 1952 557 1999 est
579 1953 760 2019 prorogata.

328 2043 407 2105 Item
440 2043 617 2125 Gregorius
649 2044 769 2123 juratus
800 2060 914 2106 octavo
948 2044 1000 2106 die
1036 2045 1123 2107 solus
1158 2045 1275 2126 jurabit
1310 2064 1405 2127 super
1436 2065 1487 2124 eo,

224 2163 380 2230 quantum
406 2169 488 2210 unus
512 2151 580 2226 bos,
605 2169 702 2231 quem
726 2149 856 2233 lllathey
880 2151 1035 2233 Zwysych
1060 2150 1260 2232 perdidisset,
1284 2151 1398 2214 valeat.

328 2255 407 2316 Item
432 2255 594 2316 Iohannes
617 2256 713 2316 Liber
731 2255 866 2318 Nicolao
887 2257 1025 2317 condam
1050 2256 1147 2337 judici
1165 2256 1276 2318 decem
1301 2257 1421 2319 talenta
1446 2258 1486 2320 de

222 2361 296 2421 oleo
323 2379 422 2441 usque
448 2360 627 2441 qulndenas
651 2361 775 2422 solvere
800 2362 906 2424 debet.

330 2465 407 2528 Item
433 2466 585 2528 Nicolaus
617 2469 755 2528 condam
787 2466 882 2547 judex
914 2483 1028 2530 octavo
1060 2469 1112 2530 die
1136 2469 1224 2531 solus
1246 2489 1341 2552 super
1365 2489 1404 2531 eo
1438 2469 1487 2551 ju·

222 2572 314 2649 rabit,
339 2572 426 2652 quod
445 2573 511 2654 ipse
535 2573 673 2634 Iohanni
700 2573 795 2635 Liber
818 2574 1160 2637 secundumdecimum
1184 2575 1338 2637 eubulum
1363 2575 1403 2638 de
1430 2577 1486 2638 tri·

219 2677 283 2738 tico
307 2697 373 2739 non
396 2679 494 2759 gratis
518 2679 573 2740 sed
597 2692 711 2740 mutuo
735 2678 870 2741 dederit.

673 2916 854 2987 Sabbatum
884 2937 1036 3007 sequens.

751 3072 814 3147 (15.
838 3070 963 3150 martit).

325 3207 402 3268 Item
427 3226 520 3268 causa
545 3208 669 3269 Nicolai
702 3208 860 3292 Delasych
892 3225 1002 3273 contra
1035 3209 1229 3293 Gregorium
1254 3212 1419 3294 Voschyar
1452 3226 1484 3276 et

220 3311 335 3373 Paulas
359 3312 636 3393 quemadmodum
660 3334 716 3396 per
739 3315 859 3395 juratos
882 3330 929 3378 est
950 3316 1100 3396 judicata,
1124 3317 1167 3379 ita
1191 3336 1248 3399 per
1271 3317 1409 3380 condam
1436 3317 1484 3397 ju·

220 3415 306 3477 dices
330 3416 515 3479 confirmata
541 3437 592 3496 eo,
616 3418 703 3500 quod
721 3421 760 3481 ab
782 3419 845 3481 illis
869 3421 924 3502 qui
949 3421 1031 3483 inter
1047 3440 1102 3483 eos
1118 3421 1281 3483 racionem
1302 3423 1484 3503 posuissent

220 3521 448 3599 sciscitassent;
472 3538 503 3584 et
527 3524 593 3605 ipsa
616 3524 793 3604 juramenta
817 3541 931 3588 octavo
956 3526 1008 3589 dle
1033 3546 1100 3588 esse
1124 3527 1252 3589 debent.

279 3756 376 3831 Ferit
404 3768 502 3831 sexta
530 3763 685 3865 proxima
714 3772 791 3833 ante
820 3762 942 3834 festum
972 3766 1061 3836 beati
1091 3764 1223 3853 Georgii
1252 3767 1418 3836 martiris.

736 3911 803 3992 (18.
828 3914 959 3994 aprilis.)

325 4050 402 4112 Item
422 4052 575 4113 Nicolaus
594 4051 829 4116 Chernechueti
846 4071 956 4116 contra
977 4070 1157 4118 consortem
1176 4056 1308 4138 Georgii
1333 4057 1480 4140 Sidouyn

218 4157 323 4238 prImo
348 4158 460 4219 citatus
485 4178 549 4219 non
572 4160 763 4239 comparuit.

328 4263 406 4325 Item
433 4264 521 4344 quod
547 4264 622 4345 quia
640 4264 802 4327 Iohannes
820 4267 916 4329 liber
940 4282 971 4329 et
993 4267 1073 4329 alter
1089 4267 1250 4329 lohannes
1266 4286 1382 4349 parvus
1398 4268 1483 4330 filius

219 4368 381 4431 Valentini
407 4370 506 4431 nostri
532 4371 679 4431 concIves
696 4372 832 4452 quilibet
856 4392 968 4435 eorum
986 4388 1100 4454 quarto
1120 4393 1153 4435 se
1172 4360 1286 4435 ¹contra
1312 4373 1481 4436 dominum

221 4473 356 4535 Paulum
381 4476 568 4557 episcopum
593 4476 725 4538 ecclesie
758 4479 973 4558 zagrabiensis
997 4479 1083 4558 juxta
1115 4493 1256 4542 nostram
1281 4479 1482 4560 judiciariam

219 4581 482 4643 commissionem
506 4602 601 4663 super
625 4601 676 4661 eo,
699 4583 788 4664 quod
813 4584 976 4647 Iohannes
992 4585 1136 4648 literatus
1160 4586 1300 4668 claviger
1324 4586 1400 4648 dicti
1424 4587 1481 4648 do·

217 4685 296 4747 mini
322 4687 464 4769 episcopi
488 4688 593 4749 nullas
617 4708 667 4749 res
691 4708 763 4750 suas
787 4690 839 4752 vel
863 4691 949 4752 bona
973 4711 1008 4753 ac
1038 4692 1139 4755 aciem
1164 4692 1240 4754 dicti
1265 4692 1389 4755 domiui
1414 4693 1482 4775 epi·

216 4791 304 4873 scopi
330 4791 406 4873 ipsis
429 4792 470 4854 ad
495 4793 751 4855 conservandum
775 4794 974 4875 assignasset,
998 4799 1199 4878 presentibus
1220 4799 1354 4860 domiuo
1378 4799 1482 4862 Bene·
