3472 5234
683 297 769 353 Anno
793 292 883 373 1376.
909 330 950 339 —
972 311 1001 358 2.
1025 298 1106 357 maii.

374 504 452 566 Item
478 525 572 567 causa
596 506 705 569 relicte
730 505 907 568 Sebastiani
933 519 964 568 et
987 506 1107 568 Mathie
1131 505 1282 568 aurifabri
1308 515 1356 570 est
1379 527 1436 590 per
1460 527 1529 590 pre-

268 612 371 674 dictos
394 625 489 673 testes
512 612 552 673 ad
577 625 651 674 octo
673 612 742 673 dies
765 626 891 694 recepta
920 613 960 673 ad
984 631 1108 694 pacem.

375 717 452 778 ltem
477 738 570 779 cansa
587 717 696 779 relicte
720 717 815 779 Frich
839 732 869 779 et
887 718 1012 780 Nicolai
1036 731 1083 779 est
1099 718 1139 779 ad
1160 731 1234 779 octo
1258 719 1327 780 dies
1349 732 1529 801 prorogata,

269 823 294 885 si
318 823 427 886 medio
451 836 596 906 tempore
620 824 815 886 concordare
837 825 987 906 poterint,
1006 826 1088 886 bene
1112 824 1256 906 quidem,
1272 825 1417 907 alioquin
1442 825 1530 907 justi·

270 930 352 991 ciam
376 928 530 991 faciemus
553 930 634 991 inter
659 930 754 1012 ipsos.

375 1035 453 1097 ltem
478 1033 579 1097 Cursa
597 1034 836 1097 molendinator
860 1047 970 1098 contra
988 1035 1173 1096 Ladislaum
1190 1036 1274 1097 tular
1290 1037 1395 1118 primo
1419 1037 1533 1097 citatus

271 1160 336 1203 non
360 1141 549 1223 comparuit.

335 1357 434 1432 Feria
461 1367 560 1432 sexta
587 1363 743 1450 proxima
770 1361 894 1433 festam
920 1362 1107 1451 predictam
1135 1357 1255 1450 filippi
1284 1368 1318 1433 et
1346 1362 1465 1452 Jacobi

783 1485 1023 1574 apostoloram.

819 1634 864 1717 (2.
887 1636 985 1719 maro.

379 1777 487 1840 Primo
520 1775 689 1839 Johannes.
712 1792 800 1840 sutor
829 1792 940 1841 contra
972 1777 1151 1841 Iohannem
1183 1779 1288 1862 primo
1320 1779 1433 1840 citatus
1466 1798 1533 1840 non

274 1884 463 1967 comparuit.

379 1989 457 2052 Item
489 1991 620 2053 domina
653 1991 763 2052 Betres
794 2003 908 2062 octavo
933 1989 984 2049 die
1015 1988 1132 2069 jurabit
1164 1989 1195 2050 in
1228 2009 1277 2068 eo,
1302 1990 1390 2071 quod
1423 1990 1533 2051 relicta

260 2094 428 2178 'Stephani
452 2095 510 2157 filii
535 2097 673 2158 Farcasii
698 2095 829 2157 domine
853 2095 940 2156 Files
962 2115 1016 2156 sex
1040 2095 1108 2156 flor.
1140 2114 1205 2156 non
1231 2095 1396 2158 dimiserit.

377 2200 455 2263 ltem
480 2202 630 2263 Marenus
653 2214 762 2263 contra
788 2199 967 2262 Janslinum
995 2213 1110 2261 octavo
1133 2200 1185 2261 die
1209 2201 1427 2282 respondebit.

378 2306 456 2367 ltem
482 2307 644 2369 Johannes
666 2306 752 2368 filius
780 2306 926 2368 Domkus
958 2306 1127 2388 Damyano
1152 2307 1192 2368 de
1216 2306 1351 2368 Rabuch
1376 2308 1407 2367 in
1440 2308 1534 2388 quin·

273 2410 365 2472 denis
388 2412 502 2493 viginti
527 2426 557 2474 et
589 2413 732 2494 quinque
764 2411 833 2474 flor.
867 2411 905 2472 de
940 2412 1034 2473 bonis
1057 2411 1161 2474 fratris
1192 2413 1240 2473 sui
1266 2413 1390 2474 Nicolai
1414 2413 1534 2495 persol-

273 2536 346 2577 vere
370 2517 474 2581 debet.
1350 2528 1353 2534 '

379 2622 457 2684 ltem
482 2622 591 2685 relicta
615 2622 741 2686 Crisani
766 2636 875 2684 contra
907 2622 1052 2685 relictam
1077 2623 1203 2686 Nicolai
1228 2623 1340 2686 Touth
1364 2624 1469 2707 primo
1492 2625 1535 2686 ci-

272 2740 336 2791 tata
360 2747 425 2790 non
449 2730 639 2812 comparuit.

378 2833 456 2896 Item
480 2835 618 2897 Jacobus
641 2833 772 2917 pellifex
803 2847 913 2898 contra
946 2834 1090 2897 relictam
1121 2835 1246 2898 Nicolai
1272 2834 1405 2897 Thouth
1428 2835 1534 2918 primo

273 2940 387 3002 citatus
410 2960 477 3003 nou
501 2942 690 3023 comparuit.

380 3045 456 3107 Item
482 3046 640 3108 lanchech
666 3061 775 3110 contra
800 3047 933 3109 luanum
952 3046 1090 3109 Plauech
1114 3060 1228 3109 octavo
1250 3047 1301 3109 die
1318 3046 1535 3135 respondebit.

378 3149 458 3213 ltem
483 3151 644 3213 Johannes
675 3151 760 3214 filius
792 3152 937 3214 Domkus
967 3153 1114 3214 Markoni
1145 3151 1213 3214 filio
1243 3153 1344 3214 Putan
1368 3153 1396 3213 X
1420 3171 1534 3234 pensas

276 3257 437 3338 persolvet
460 3257 492 3317 in
517 3257 699 3339 quindenis.

245 3345 247 3348 ’
381 3361 457 3422 ltem
471 3362 615 3423 Francha
633 3376 742 3424 contra
756 3362 892 3423 Paulum
906 3361 1103 3425 aurifabrum
1116 3376 1230 3425 octavo
1248 3363 1299 3424 die
1316 3363 1533 3445 respondebit.

381 3466 458 3527 ltem
482 3467 624 3528 Briccius
640 3467 854 3529 mercenarius
877 3468 986 3530 relicte
1004 3469 1190 3530 Peterkonis
1206 3482 1316 3531 contra
1333 3467 1534 3556 Anthonium

275 3570 400 3633 Jursich
423 3585 537 3633 octavo
562 3571 614 3634 die
637 3593 669 3634 se
701 3574 816 3635 tercius
848 3573 966 3655 jurabit
997 3575 1029 3635 in
1055 3594 1104 3653 eo,
1136 3575 1223 3656 quod
1257 3576 1324 3657 ipse
1346 3594 1455 3636 ocreas
1486 3574 1534 3636 sui

275 3677 464 3739 mercenarii
489 3677 521 3738 in
546 3678 671 3760 pascuis
694 3698 760 3740 non
784 3678 945 3742 furaverit.

380 3782 444 3843 lem
470 3782 599 3845 Lachko
624 3798 732 3846 contra
758 3784 936 3867 Georgium
959 3786 1100 3847 secundo
1125 3787 1238 3849 citatus
1262 3806 1328 3847 non
1345 3786 1534 3869 comparuit.

381 3886 459 3949 Item
483 3887 667 3951 Anthonius
691 3890 840 3973 Zitarych
872 3877 981 3953 contra
1015 3890 1179 3953 Thomam
1203 3906 1316 3956 octavo
1348 3891 1400 3953 die
1423 3911 1457 3953 se
1487 3912 1534 3952 se-

275 3992 400 4055 cundus
423 3992 540 4075 jurabit
563 4015 658 4078 super
682 4015 731 4075 eo,
756 3995 844 4078 quod
870 3997 974 4079 ipsum
1000 4016 1065 4058 non
1090 3997 1312 4059 verberaverit.

382 4100 460 4161 ltem
484 4099 542 4162 filii
567 4100 692 4163 Crisani
726 4102 858 4165 domine
890 4103 1011 4164 Dicaue
1042 4117 1156 4165 octavo
1189 4103 1241 4164 die
1264 4102 1336 4163 XVI
1362 4102 1431 4164 flor.
1456 4115 1486 4164 et
1509 4102 1534 4164 ll

275 4203 354 4267 cifos
379 4220 547 4288 argenteos
571 4209 734 4271 exsolvere
759 4210 886 4271 debent.

380 4313 457 4374 Item
491 4314 644 4376 Nicolaus
679 4315 763 4377 filius
792 4315 917 4377 Nicolai
951 4328 1060 4377 contra
1092 4315 1222 4375 Petrum
1253 4313 1396 4375 Priorem
1429 4314 1533 4396 prImo

275 4417 388 4481 citatus
411 4439 477 4481 non
505 4421 694 4502 comparuit.

381 4523 459 4585 Item
476 4525 594 4586 Batista
611 4539 721 4587 contra
735 4526 855 4587 Lucam
871 4524 1010 4607 juratum
1023 4525 1128 4608 primo
1141 4525 1253 4588 citatus
1266 4545 1331 4587 non
1345 4525 1533 4607 comparuit.

380 4627 458 4690 ltem
489 4629 634 4692 Andreas
664 4642 775 4692 contra
807 4632 962 4692 Jacobum
992 4629 1095 4693 filium
1127 4631 1226 4693 Marci
1247 4631 1390 4693 secundo
1420 4631 1534 4693 citatus

275 4753 340 4796 non
365 4736 554 4818 comparuit.
