3472 5234
669 329 754 384 Anno
777 323 868 403 1383.
895 360 934 371 -
959 340 989 388 2.
1005 325 1098 405 junii

466 434 598 439 .-—-—
1047 435 1171 440 -.-,.-
1192 436 1360 442 ——-.-.—.-
1408 438 1525 445 -..η-

371 537 447 598 Item
483 537 615 598 domina
647 537 769 598 Mirena
801 553 910 599 contra
947 539 1079 599 Paulum
1113 539 1274 600 literatum
1299 540 1404 621 primo
1436 542 1528 602 citata

265 664 329 706 non
355 644 545 725 comparuit.

375 749 452 810 Item
479 749 639 830 Georgius
658 751 763 828 lotar,
788 749 954 831 Philippus
970 750 1104 811 maritus
1121 751 1293 812 Ztreberne
1318 765 1348 812 et
1366 753 1528 813 lohannes

266 854 350 916 lilius
375 857 452 917 lane
478 869 587 917 contra
613 856 817 917 Clementem
850 855 1029 916 carnificem
1059 857 1164 938 primo
1196 857 1281 918 citati
1307 878 1372 918 non
1398 879 1528 940 compa·

266 976 407 1025 ruerunt.

372 1070 450 1131 ltem
476 1089 569 1130 causa
594 1068 725 1130 domine
751 1069 858 1130 relicte
883 1069 1008 1130 Nicolai
1034 1068 1092 1130 rufi
1117 1084 1226 1130 contra
1252 1085 1432 1131 consortem
1459 1071 1530 1131 Cri·

266 1174 353 1235 stlini
377 1176 417 1236 ad
443 1174 554 1236 feriam
580 1188 700 1236 sextam
725 1189 771 1235 est
794 1189 975 1255 prorogata.

373 1282 450 1344 ltem
486 1301 579 1342 causa
613 1280 765 1361 Stephani
799 1294 909 1342 contra
942 1282 1107 1343 Vrbanam
1133 1281 1171 1342 ad
1206 1296 1355 1343 octavum
1380 1283 1465 1344 diem
1490 1284 1530 1344 ad

266 1407 378 1469 pacem
403 1401 450 1449 est
474 1402 610 1469 recepta.

374 1495 450 1556 Item
477 1495 588 1556 Petrus
620 1506 708 1555 sutor
740 1508 848 1554 contra
881 1494 1060 1554 Fabianum
1093 1495 1253 1556 literatum
1278 1496 1381 1575 primo
1415 1496 1529 1556 citatus

266 1620 330 1662 non
364 1601 555 1683 comparuit.

375 1706 453 1767 ltem
478 1705 671 1768 Benedictus
704 1695 818 1768 octavo
849 1707 900 1768 die
931 1726 986 1788 per
1010 1721 1191 1768 consortem
1226 1708 1341 1768 Marias
1366 1723 1396 1768 et
1421 1707 1529 1769 Mathe

267 1811 327 1873 hoc
353 1814 511 1891 atestabit,
536 1813 623 1894 quod
655 1813 715 1874 sibi
741 1813 848 1874 Mathe
873 1828 974 1873 sartor
1005 1813 1167 1892 quendam
1192 1814 1314 1895 palium
1346 1814 1526 1896 perluserit.

374 1918 451 1981 ltem
477 1919 608 1980 Barthol
633 1934 741 1981 contra
767 1918 907 1981 laketich
938 1919 1043 2000 primo
1067 1919 1180 1980 citatus
1204 1940 1267 1981 non
1293 1920 1482 2001 comparuit.

372 2024 449 2086 Item
483 2024 642 2105 Georgius
673 2026 769 2087 Loter
800 2040 908 2087 contra
941 2024 1120 2086 iohannem
1145 2026 1242 2087 Vasas
1275 2027 1378 2108 primo
1411 2025 1524 2086 citatus

268 2149 333 2191 non
358 2131 546 2213 comparuit.

373 2238 451 2299 ltem
484 2238 624 2299 Briccius
652 2238 781 2320 sellipar
813 2250 921 2299 contra
949 2238 1153 2320 Diagonyam
1187 2239 1291 2320 primo
1324 2238 1437 2299 citatus
1465 2256 1530 2298 non

268 2345 456 2426 comparuit.

374 2451 452 2512 ltem
483 2451 636 2512 Nicolaus
668 2450 770 2511 dictus
795 2450 937 2532 Rossych
963 2464 1076 2511 octavo
1101 2450 1151 2511 die
1184 2451 1281 2511 tercio
1313 2471 1344 2510 se
1369 2468 1464 2531 super
1489 2468 1528 2510 eo

268 2557 394 2638 iurabit,
418 2557 506 2638 quod
532 2557 598 2637 ipse
625 2556 833 2617 lourandum
858 2576 922 2617 non
951 2557 1155 2619 verberasset.

373 2664 450 2724 ltem
477 2662 635 2742 Georgius
657 2663 752 2723 Loter
776 2677 888 2723 octavo
914 2662 965 2723 die
982 2682 1076 2744 super
1100 2683 1138 2724 eo
1163 2662 1289 2743 jurabit,
1314 2662 1402 2743 quod
1421 2663 1526 2744 ipsum

269 2772 430 2833 Johannes
453 2769 537 2831 filius
563 2771 680 2831 Donati
695 2770 913 2861 'vulnerasset

419 2988 516 3061 Faria
545 2993 651 3062 tercia
679 2992 832 3079 proxima
862 2996 938 3058 ante
966 2989 1088 3059 lestum
1117 2989 1205 3058 beati
1236 2987 1377 3058 Erasini.

811 3139 855 3218 (2.
871 3140 980 3220 junia).
1338 3108 1339 3113 Ἰ

376 3280 453 3341 ltem
487 3300 580 3341 causa
605 3281 782 3342 Clementis
815 3279 969 3342 carnificis
993 3295 1101 3342 contra
1134 3282 1230 3343 Loter
1255 3280 1443 3362 Georgium,
1477 3283 1530 3345 Jo-

270 3386 410 3447 hannem
435 3385 569 3467 figulum
596 3399 626 3447 et
650 3387 812 3468 Philipum
838 3385 973 3467 figulum
1004 3388 1044 3448 ad
1068 3402 1216 3448 octavum
1241 3387 1327 3449 diem
1352 3388 1392 3448 ad
1418 3408 1529 3469 pacem

272 3505 318 3554 est
342 3506 477 3574 recepta.

377 3597 454 3658 ltem
480 3618 574 3658 causa
606 3597 692 3658 lwan
724 3613 831 3660 contra
865 3600 1043 3661 lohannem
1077 3601 1237 3661 literatum
1268 3600 1347 3682 (per)
1372 3615 1466 3664 testes
1490 3603 1530 3663 ad

272 3718 420 3764 octavum
446 3704 532 3764 diem
557 3704 596 3764 ad
622 3724 731 3784 pacem
757 3720 803 3765 est
826 3721 1007 3787 prorogata.

379 3809 455 3870 ltem
482 3810 548 3870 luri
573 3811 713 3871 salivena
746 3825 854 3872 contra
879 3813 1048 3873 Nicolaum
1082 3827 1222 3873 sutorem
1247 3814 1387 3874 secundo
1420 3815 1533 3876 citatus

272 3936 336 3977 non
362 3916 551 3998 comparuit.

382 4023 459 4083 Item
483 4022 645 4084 lohannes
669 4021 764 4085 frater
781 4024 894 4084 Kauke
917 4039 1025 4085 contra
1045 4024 1253 4086 Benedictum
1279 4039 1392 4086 octavo
1418 4026 1469 4086 die
1486 4047 1532 4086 re-

273 4128 453 4210 spondebit.

379 4235 457 4297 ltem
481 4256 573 4297 causa
600 4237 687 4297 Pauli
721 4251 830 4298 contra
856 4237 972 4298 Mahen
999 4237 1038 4298 ad
1072 4251 1220 4298 octavum
1246 4238 1330 4299 diem
1357 4238 1395 4299 ad
1422 4259 1532 4321 pacem

274 4353 321 4401 est
343 4355 479 4423 recepta.

380 4445 458 4507 ltem
483 4467 574 4509 causa
600 4447 808 4530 Dragchycha
837 4462 946 4509 contra
971 4447 1078 4510 Mathe
1111 4449 1285 4513 salivenam
1319 4452 1358 4512 ad
1383 4464 1533 4512 octavum

275 4550 361 4611 diem
386 4552 426 4612 ad
450 4573 560 4634 pacem
586 4568 631 4615 est
661 4569 796 4636 recepta.

380 4655 458 4718 ltem
483 4659 566 4720 lwan
592 4660 808 4741 carpentarius
832 4673 941 4722 contra
967 4661 1129 4723 Thomam
1154 4662 1295 4723 secundo
1324 4664 1437 4725 citatus
1468 4684 1533 4725 non

276 4763 465 4844 comparuit.
