3472 5234
285 322 328 383 94
690 304 883 379 Ann01377.
909 337 947 345 -
974 300 1023 362 ro.
1041 305 1133 378 janr'i.

391 514 470 576 Item
496 534 588 575 causa
616 513 733 575 Genini
759 528 790 575 et
813 513 984 574 Alexandri
1005 529 1035 575 et
1060 534 1115 595 per
1132 512 1294 575 Geninum
1321 511 1483 574 Gallicum
1507 509 1547 571 ad

281 634 353 681 octo
379 620 447 681 dies
469 635 594 701 recepta
618 619 657 680 ad
683 639 809 700 pacem.

392 726 469 787 Item
495 726 645 787 Micliuus
670 739 778 787 contra
804 724 967 787 Geninum
992 725 1097 805 prImo
1122 724 1236 785 citatus
1260 742 1325 784 non
1357 721 1547 804 comparuit.

392 832 469 893 Item
495 851 589 892 causa
615 831 768 912 Stephani
794 831 964 911 Hlebopek
989 843 1020 891 et
1045 829 1142 890 Marci
1176 829 1232 889 tilii
1258 827 1414 890 Geszne
1439 839 1485 889 est
1508 826 1549 888 ad

282 950 357 999 octo
375 937 443 999 dies
457 958 513 1019 per
525 937 664 1016 judicem
682 950 853 1019 prorogata
872 937 897 997 si
916 935 1109 998 concordare
1127 948 1287 1016 poterunt,
1305 935 1387 995 bene
1404 932 1549 1014 quidem,

281 1044 426 1125 alioquin
451 1043 610 1125 justiciam
636 1041 791 1105 faciemus
815 1043 898 1104 inter
922 1056 1036 1124 partes.
1508 1057 1511 1063 ·

388 1167 464 1228 Item
490 1166 643 1228 dominus
667 1166 812 1228 Donatus
836 1179 945 1227 contra
970 1166 1141 1227 Nicolaum
1169 1163 1273 1225 filium
1299 1163 1478 1225 Martinkus
1494 1181 1547 1223 oc·

202 1355 208 1362 Π
281 1287 356 1337 tavo
382 1273 433 1334 die
458 1272 675 1354 respondebit.

390 1379 467 1440 Item
493 1380 603 1440 Petrus
628 1393 737 1440 contra
766 1379 894 1439 Petrum
926 1392 1079 1439 sartorem
1104 1377 1181 1439 feria
1217 1391 1302 1438 sexta
1329 1373 1548 1456 respondebit.

392 1485 468 1546 Item
502 1505 594 1546 causa
627 1484 737 1545 Iacobi
770 1483 916 1565 peIIihcis
952 1498 983 1545 et
1015 1485 1137 1545 Mariua
1173 1483 1316 1543 mulieris
1340 1495 1386 1542 est
1410 1480 1451 1541 ad
1474 1492 1548 1540 octo

282 1591 351 1651 dies
367 1591 556 1652 testimonio
571 1589 714 1650 Franche
731 1589 789 1650 fiIii
804 1589 929 1651 Nicolai
941 1603 1123 1670 prorogata,
1140 1602 1174 1650 ut
1191 1589 1295 1671 ipsum
1309 1584 1548 1668 vituperaverit.

390 1696 467 1757 Item
499 1696 653 1757 Nicolaus
684 1708 798 1757 octavo
830 1695 881 1756 die
913 1715 945 1755 se
977 1695 1136 1756 secundus
1172 1694 1289 1776 jurabit
1320 1693 1352 1753 iu
1385 1711 1435 1770 eo,
1459 1688 1548 1772 quod

283 1803 387 1885 ipsum
412 1802 557 1863 Thomas
582 1800 723 1882 srenipar
747 1801 971 1862 verberaverit.

390 1908 468 1970 Item
494 1907 640 1969 Thomas
662 1908 824 1989 predictus
848 1929 879 1968 se
903 1908 1062 1969 secundus
1095 1907 1212 1986 jurabit
1235 1907 1268 1968 in
1294 1925 1343 1984 e0,
1368 1903 1456 1986 quod
1481 1903 1549 1985 ipse

286 2014 484 2095 Stephanum
509 2034 574 2074 non
599 2014 824 2090 verberaverit,
857 2028 887 2074 et
912 2026 1039 2095 propter
1064 2014 1151 2094 quod
1184 2012 1323 2074 eundem
1350 2009 1548 2094 Stephanum

286 2119 492 2179 incarceravit
518 2119 555 2179 III
580 2139 694 2199 pensas
717 2120 776 2181 sibi
801 2118 966 2180 exsolvere
991 2119 1086 2180 debet
1111 2121 1142 2180 in
1167 2119 1349 2201 quindenis.

390 2224 468 2285 Item
494 2223 639 2284 Thomas
663 2238 776 2286 octavo
810 2224 861 2284 die
893 2245 949 2306 per
981 2224 1192 2302 Anthonium,
1218 2223 1416 2307 Stephanum
1448 2222 1549 2283 Pazar

284 2343 314 2391 et
339 2330 446 2391 Mathe
472 2329 667 2412 freniparum
692 2331 838 2391 atestabit
861 2349 956 2411 super
980 2350 1029 2408 eo,
1059 2331 1146 2411 quod
1177 2330 1357 2412 Stephanus
1380 2327 1545 2411 potencia·

285 2436 357 2497 Iiter
380 2456 469 2497 suam
495 2450 600 2497 cutem
626 2437 806 2519 recepisset.

312 2653 409 2727 Ieria
437 2658 543 2726 tercIa
573 2658 726 2744 proxima
756 2665 831 2744 post
867 2657 989 2729 festum
1017 2657 1191 2728 beatorum
1221 2658 1289 2728 Viti
1320 2665 1352 2728 et
1380 2656 1522 2727 Modesti

816 2783 1004 2852 martirum.

819 2946 885 3028 (16.
902 2949 1011 3029 sitnia).

391 3107 498 3168 Primo
525 3107 723 3187 Dragozlaus
747 3122 856 3168 contra
891 3108 1068 3190 Symonem
1101 3109 1281 3170 carnificem
1306 3109 1411 3191 prImo
1435 3109 1549 3169 citatus

286 3232 352 3274 non
377 3213 566 3292 comparuit.

393 3317 470 3377 Item
496 3337 589 3377 causa
623 3316 789 3378 EIizabeth
822 3331 852 3377 et
877 3317 1000 3379 Nicolai
1034 3335 1079 3381 est
1111 3320 1149 3380 ad
1183 3336 1254 3382 octo
1279 3321 1347 3381 dies
1379 3334 1548 3402 prorogata

287 3443 343 3504 per
367 3421 505 3500 judIcem
530 3421 569 3482 ad
588 3420 767 3482 exhibenda
785 3423 927 3503 ipsorum
946 3423 1024 3503 jura,
1043 3426 1068 3485 si
1086 3446 1149 3506 qua
1167 3426 1336 3488 habuerint
1352 3427 1434 3488 inter
1451 3427 1547 3508 ipsos.

393 3526 469 3587 Item
501 3526 682 3607 Stephanus
705 3527 888 3589 Pechohleb
912 3544 1021 3590 contra
1047 3530 1226 3592 Iohannem
1252 3532 1409 3593 decanum
1434 3546 1548 3594 octavo

286 3633 338 3693 die
363 3632 579 3714 respondebit.

392 3738 469 3797 Item
496 3737 656 3816 Georgius
672 3738 766 3820 rybar
789 3753 898 3800 contra
917 3740 1001 3801 Iwan
1019 3743 1124 3823 prImo
1142 3744 1254 3804 citatus
1278 3763 1343 3805 non
1361 3743 1549 3825 comparuit.

393 3842 471 3903 Item
497 3843 582 3924 Span
608 3856 721 3904 octavo
753 3844 805 3905 die
837 3865 893 3926 per
925 3847 1097 3907 BedIcham
1128 3848 1319 3928 carnificem,
1344 3850 1547 3911 Anthonium

286 3963 428 4009 sutorem
453 3962 483 4009 et
509 3947 712 4008 Pauerlinum
737 3950 884 4012 atestabit
908 3965 1016 4012 contra
1045 3954 1200 4014 Iacobum
1225 3954 1394 4035 pellificem
1420 3956 1548 4017 raci0ue

287 4053 534 4134 composicionis
551 4054 646 4114 unius
664 4068 842 4115 manstruce
867 4055 1024 4136 quidquid
1043 4057 1224 4119 ordinatum
1243 4058 1337 4121 fuerit
1354 4061 1435 4123 inter
1452 4062 1549 4143 ipsos.

392 4178 469 4238 Item
496 4180 637 4260 KyrInus
661 4193 769 4240 contra
788 4180 986 4241 Demetrium
1007 4202 1062 4263 per
1081 4182 1257 4262 Georgium
1283 4201 1313 4247 et
1338 4187 1467 4249 Petrum
1485 4207 1548 4249 sar·

289 4296 391 4343 torem
409 4285 555 4345 atestabit
573 4285 604 4345 In
623 4303 672 4362 e0,
686 4285 773 4365 quod
789 4287 854 4367 ipse
868 4305 961 4346 suum
979 4289 1168 4368 cappucium
1187 4291 1354 4371 vonenter
1368 4295 1548 4375 recepisset.

395 4388 472 4450 Item
491 4409 584 4450 causa
609 4389 741 4471 Georgii
775 4392 904 4451 sartoris
935 4406 965 4452 et
991 4392 1104 4474 Gyuan
1131 4409 1176 4456 est
1207 4417 1263 4477 per
1287 4398 1487 4479 Stephanum
1519 4414 1550 4463 et

290 4492 491 4555 Anthonium
516 4496 617 4555 Reniz
642 4496 681 4555 ad
707 4510 779 4557 octo
804 4496 871 4556 dies
894 4514 1019 4577 recepta
1045 4499 1084 4559 ad
1109 4519 1231 4580 pacem.

397 4600 475 4661 Item
499 4620 593 4661 causa
617 4600 727 4660 Jacobi
752 4598 898 4682 pellificis
929 4616 960 4663 et
983 4604 1105 4664 Marine
1138 4620 1183 4666 est
1207 4628 1263 4688 per
1292 4623 1387 4671 testes
1410 4612 1451 4673 ad
1475 4624 1550 4677 octo

289 4701 356 4764 dies
380 4719 559 4786 prorogata.
