3472 5234
652 365 738 422 Anno
761 359 854 440 1382.
879 397 920 406 -
943 377 974 440 4.
990 362 1077 438 julii.
1442 362 1500 442 183

342 575 422 636 ltem
447 575 528 636 inter
552 573 684 635 eosdem
709 574 865 635 Jacobum
889 588 920 634 et
949 574 1078 634 Petrum
1103 592 1186 655 pena
1218 573 1332 654 viginti
1357 573 1503 654 quinque

237 701 417 743 marcarum
442 695 488 742 est
519 681 633 763 posita,
662 692 697 740 ut
726 698 809 740 unus
839 679 975 741 alterum
1008 697 1114 760 neque
1145 679 1250 740 verbis
1282 698 1387 760 neque
1412 677 1505 740 factis

236 787 378 849 invadat.

344 911 422 973 ltem
448 909 625 971 Hanslinus
653 907 874 970 stachunarius
906 908 1037 970 domine
1062 928 1172 970 socrus
1202 929 1258 971 sue
1283 929 1384 991 usque
1409 910 1506 991 quin-

238 1017 337 1079 denas
361 1015 573 1097 quadraginta
598 1028 737 1096 quatuor
759 1014 829 1077 flor.
854 1015 978 1076 solvere
1003 1014 1108 1078 debet.

345 1141 422 1202 ltem
447 1138 535 1220 quod
560 1138 635 1219 quia
651 1138 802 1219 magister
818 1140 908 1198 Akus
924 1136 1009 1199 filius
1030 1137 1184 1220 Stephani
1201 1137 1414 1219 quadraginta
1431 1137 1502 1202 flor.

237 1248 344 1309 minus
369 1246 497 1307 duobus
522 1245 553 1305 in
585 1244 730 1305 terminis
757 1263 814 1326 per
846 1263 905 1305 nos
935 1244 995 1305 sibi
1019 1243 1153 1325 juridice
1185 1257 1216 1305 et
1240 1264 1277 1305 ex
1301 1243 1501 1305 habundanti

237 1352 362 1433 justicia
385 1349 552 1432 assignatis
577 1348 734 1431 Mychaeli
760 1348 928 1431 Ortoflych
952 1350 1076 1411 solvere
1101 1349 1221 1411 debens
1246 1369 1310 1411 non
1335 1349 1501 1432 persolvit,

236 1457 392 1519 medietas
416 1455 582 1518 cuiusdam
607 1454 786 1516 molendini
814 1454 890 1516 dicti
922 1455 1065 1536 magistri
1090 1457 1180 1516 Akus
1211 1455 1305 1517 statui
1339 1454 1445 1533 debet,
1470 1466 1503 1517 et

236 1563 262 1624 si
295 1562 382 1624 idem
414 1562 564 1642 magister
595 1563 684 1622 Akus
717 1561 819 1643 ipsam
851 1560 1057 1622 medietatem
1088 1580 1190 1642 usque
1222 1560 1403 1642 quindenas
1433 1580 1500 1621 non

237 1667 412 1745 redimerit,
436 1680 512 1728 tunc
536 1686 554 1727 a
578 1665 671 1727 dictis
695 1665 868 1747 quindenis
884 1666 951 1748 ipse
970 1665 1117 1749 Mychael
1136 1665 1255 1728 fructus
1272 1679 1303 1729 et
1325 1679 1501 1749 proventus

239 1773 316 1836 dicti
340 1772 521 1835 molendini
545 1773 708 1855 percipere
733 1771 837 1835 debet.

343 1899 422 1960 ltem
449 1897 568 1959 Paulus
591 1897 695 1979 pictor
711 1916 812 1978 usque
837 1895 1017 1978 quindenas
1034 1896 1169 1958 domino
1186 1897 1346 1977 Agustino
1363 1909 1502 1978 quatuor

239 2005 308 2069 flor.
334 2005 403 2067 auri
427 2003 534 2065 minus
557 2003 670 2084 viginti
695 2022 749 2063 sex
773 2002 913 2064 denariis
936 2002 1060 2063 solvere
1086 2001 1192 2066 debet.

343 2128 422 2189 ltem
446 2126 599 2189 Nicolaus
623 2125 719 2187 frater
747 2126 829 2188 Kate
859 2127 959 2187 tercio
982 2145 1015 2187 se
1048 2138 1163 2188 octavo
1188 2125 1239 2187 die
1271 2146 1429 2210 supereo
1453 2125 1502 2208 ju-

236 2234 329 2314 rabit,
352 2233 441 2315 quod
467 2233 533 2315 ipse
558 2233 691 2294 Luciam
716 2251 860 2294 sororem
883 2251 973 2293 suam
999 2251 1063 2293 non
1087 2233 1308 2314 vituperasset.

341 2356 420 2417 ltem
448 2355 572 2417 Drasko
597 2354 635 2416 de
662 2354 795 2437 Dedych
826 2355 985 2436 quosdam
1016 2368 1121 2435 testes,
1154 2356 1209 2436 qui
1235 2355 1410 2437 quamdam
1443 2355 1498 2417 de-

235 2463 422 2545 pascionem
450 2462 659 2540 estimassent‚
693 2462 725 2522 in
756 2463 862 2544 primo
885 2460 1006 2543 judicio
1038 2475 1147 2523 contra
1180 2462 1309 2523 Petrum
1340 2460 1499 2524 famulum

235 2567 394 2650 Delasych
418 2581 554 2628 statuere
580 2566 685 2630 debet.

343 2691 422 2752 ltem
446 2710 525 2752 uxor
549 2690 639 2752 Pauli
664 2690 795 2773 pictoris
819 2704 932 2752 octavo
957 2690 1008 2751 die
1036 2689 1179 2752 secundo
1203 2709 1236 2752 se
1260 2710 1418 2773 supereo
1452 2691 1501 2772 ju·

239 2796 330 2875 rabit,
356 2795 444 2878 quod
470 2796 570 2878 ipsam
596 2794 784 2858 Cernechna
808 2795 925 2857 mulier
941 2815 1043 2877 usque
1067 2810 1098 2858 et
1122 2795 1311 2857 effusionem
1335 2797 1500 2878 sanguinis

238 2902 345 2964 leserit
369 2915 400 2963 et
423 2901 648 2963 vulneraverit.

342 3025 420 3086 Item
437 3023 525 3106 quod
550 3024 624 3106 quia
654 3044 784 3086 consors
816 3025 969 3107 Stephani
1002 3025 1078 3088 dicti
1103 3026 1271 3109 Mylogled
1294 3047 1389 3089 suurn
1412 3026 1496 3109 jura·

235 3145 378 3192 mentum
416 3132 562 3213 superius
598 3151 781 3214 expressum
815 3131 976 3214 deponere
1012 3132 1133 3196 debens
1168 3147 1277 3195 contra
1313 3147 1496 3196 consortem

236 3235 370 3318 Georgii
395 3236 556 3319 (deposuit
580 3237 652 3318 ...)

341 3361 419 3422 Item
452 3360 540 3442 quod
573 3362 647 3443 quia
680 3380 811 3423 consors
842 3361 975 3444 Georgii
1006 3362 1082 3425 dicti
1115 3363 1262 3446 Sydouin
1287 3383 1381 3426 suum
1414 3362 1498 3445 jura-

237 3480 381 3528 mentum
406 3481 515 3528 contra
540 3481 722 3529 consortem
740 3467 894 3551 Stephani
919 3468 994 3531 dicti
1013 3469 1180 3552 Mylogled
1198 3469 1361 3552 deponere
1379 3469 1501 3531 debens

236 3592 302 3634 non
327 3572 486 3655 deposuit,
511 3573 584 3635 ideo
610 3574 677 3656 ipsa
702 3573 835 3636 domina
859 3594 990 3637 consors
1009 3575 1143 3659 Georgii
1168 3576 1315 3659 Sydouin
1341 3576 1424 3638 dicte
1442 3574 1500 3636 do·

235 3679 321 3740 mine
347 3679 486 3740 consorti
512 3680 611 3762 ipsius
634 3679 790 3762 Stephani
819 3681 933 3763 viginti
958 3682 1102 3764 quinque
1135 3702 1256 3744 marcas
1280 3702 1382 3763 usque
1406 3682 1500 3763 quin-

237 3784 336 3846 denas
359 3785 484 3847 solvere
508 3786 605 3848 debet
628 3799 659 3848 et
681 3798 805 3849 tantum
831 3787 917 3849 idem
942 3788 1040 3869 judici
1065 3803 1096 3851 et
1118 3789 1239 3871 juratis.

342 3908 420 3969 ltem
446 3908 583 3971 Mathias
606 3909 728 3990 juratus
752 3925 783 3972 et
807 3910 969 3973 Johannes
996 3912 1135 3975 Pazarch
1160 3925 1270 3975 contra
1294 3933 1327 3973 se
1351 3913 1499 3974 universa

234 4013 302 4093 jura
327 4015 359 4075 in
384 4013 468 4076 lacto
492 4015 658 4077 cuiusdam
683 4014 775 4077 fundi
800 4017 831 4077 in
856 4017 962 4099 primo
978 4017 1099 4098 judicio
1122 4018 1299 4101 producere
1324 4017 1452 4080 debent.

341 4137 419 4199 ltem
437 4138 574 4200 Mathias
597 4138 718 4218 juratus
743 4140 774 4200 in
791 4140 897 4221 primo
921 4139 1042 4220 judicio
1065 4161 1122 4224 per
1138 4155 1233 4203 testes
1249 4141 1375 4203 atestari
1392 4141 1499 4220 debet,

233 4244 321 4325 quod
358 4243 517 4325 Georgius
555 4257 656 4306 sartor
695 4245 857 4325 quandam
901 4262 1069 4328 cognatam
1105 4266 1197 4309 suam
1236 4248 1424 4329 captivasset
1468 4259 1499 4307 et

234 4349 411 4432 spoliasset.

341 4474 418 4536 Item
445 4475 594 4536 Marenus
628 4474 765 4537 condam
796 4475 919 4554 juratus
951 4492 1065 4540 octavo
1090 4477 1142 4541 die
1173 4498 1269 4561 super
1300 4499 1338 4540 eo
1370 4479 1499 4560 jurabit,

234 4580 322 4661 quod
347 4581 413 4663 ipse
438 4581 595 4662 quasdam
618 4581 727 4642 literas
751 4582 848 4643 Blasii
877 4581 1030 4645 aurifabri
1062 4584 1199 4646 restituit
1222 4599 1253 4647 et
1277 4583 1391 4647 eedem
1415 4585 1498 4647 circa

235 4685 339 4765 ipsum
364 4706 430 4748 non
455 4687 601 4749 existant.
