3472 5234
210 319 273 399 236
623 319 711 375 Anno
734 313 826 394 1385.
852 350 891 360 -
917 330 947 377 2.
963 314 1057 396 Jienii.

314 529 392 591 Item
419 549 513 591 causa
536 528 650 591 Raden
675 541 784 590 contra
817 528 1002 590 Emericum
1034 547 1226 609 arcuparum
1258 527 1298 589 ad
1324 541 1475 590 octavum

208 637 295 699 diem
319 637 358 698 ad
385 655 498 718 pacem
522 648 569 696 est
596 646 733 716 recepta.

312 743 392 806 Item
418 761 511 804 causa
537 740 670 823 Georgii
695 741 884 822 carpentarii
909 754 939 802 et
964 741 1094 802 alterius
1125 739 1258 822 Georgii
1282 740 1471 821 carpentarii

209 849 249 913 ad
274 862 424 912 octavum
450 848 536 911 diem
561 847 600 908 ad
625 865 737 928 pacem
762 858 809 907 est
832 859 969 928 recepta.

315 955 393 1017 Item
415 973 509 1016 causa
535 951 668 1034 Georgii
701 965 810 1014 contra
842 951 1044 1013 Anthonium
1067 950 1106 1012 ad
1132 964 1281 1013 octavum
1312 952 1399 1013 diem
1430 964 1476 1013 est

208 1073 391 1144 prorogata.

314 1166 393 1228 Item
418 1163 603 1226 Anthonius
627 1163 784 1246 Scitarigb
809 1177 918 1226 contra
937 1163 1117 1225 Jobannem
1141 1164 1246 1245 primo
1270 1165 1384 1226 citatus
1409 1182 1473 1225 non

208 1271 398 1354 comparuit.

312 1377 393 1439 Item
407 1395 501 1438 causa
517 1375 638 1437 Vrbani
663 1388 774 1437 contra
790 1375 875 1436 iwan
900 1375 940 1437 ad
958 1389 1107 1438 octavum
1125 1375 1211 1437 diem
1228 1389 1274 1437 est
1291 1390 1473 1457 prorogata.

316 1483 394 1546 ltem
420 1496 514 1546 testes
538 1481 670 1544 domine
695 1481 773 1543 Ewe
797 1480 963 1543 dominam
990 1483 1134 1544 relictam
1160 1483 1240 1566 Elye
1262 1496 1293 1544 et
1318 1481 1470 1545 Cosmam

209 1589 407 1652 aurifabrum
437 1588 477 1650 ad
510 1603 659 1650 octavum
684 1587 771 1648 diem
803 1586 843 1648 ad
868 1586 1138 1650 deliberacionem
1172 1602 1218 1651 est
1241 1600 1376 1669 recepta.
1401 1589 1474 1665 (sic).

314 1695 390 1757 Item
417 1714 511 1757 causa
535 1693 665 1754 domine
688 1693 807 1755 iwanie
832 1706 941 1757 contra
959 1693 1123 1756 Thomam
1148 1693 1187 1757 ad
1212 1706 1361 1755 octavum
1387 1692 1474 1754 diem

209 1815 257 1864 est
280 1814 452 1883 prorogata
475 1801 543 1861 sine
572 1799 743 1861 dilacione.

315 1907 392 1969 ltem
418 1926 511 1968 causa
536 1905 621 1967 iwan
650 1904 744 1986 jurati
776 1919 886 1968 contra
918 1906 1102 1968 Dionisium
1127 1905 1179 1987 (ad
1210 1918 1358 1967 octavum
1387 1904 1474 1966 diem

208 2027 255 2076 est
279 2012 473 2095 prorogata).

311 2118 392 2181 Item
417 2118 581 2180 Dionisius
605 2131 715 2180 contra
739 2118 842 2180 Joffan
867 2131 981 2180 octavo
1006 2118 1058 2180 die
1082 2117 1300 2200 respondebit.

314 2224 394 2286 Item
417 2223 523 2285 Iwana
554 2224 670 2286 mulier
701 2238 816 2287 octavo
848 2225 900 2286 die
925 2244 981 2307 per
1014 2225 1190 2287 Matrinum
1215 2237 1246 2285 et
1269 2242 1361 2286 suam
1397 2242 1474 2285 con·

207 2342 325 2392 sortem
348 2350 385 2391 ac
417 2343 597 2423 consortem
631 2330 742 2393 Marci'
761 2329 822 2393 hoc
854 2330 1010 2409 atestabit,
1044 2330 1131 2411 quod
1157 2316 1258 2412 ipsam
1298 2327 1474 2409 Gregorius

208 2436 446 2498 Deuetizodecz
470 2437 666 2498 verberasset
689 2449 721 2499 et
744 2437 964 2519 vituperasset.

314 2542 392 2604 ltem
410 2541 573 2604 Johannes
596 2541 682 2604 filius
698 2542 855 2605 Anthonii
879 2563 936 2625 per
952 2542 1133 2605 iohannem
1150 2542 1317 2625 Zuddych‚
1332 2541 1473 2619 Petrum,

207 2649 403 2732 penesticam
439 2648 500 2711 hoc
535 2649 693 2729 atestabit,
724 2650 811 2731 quod
849 2650 957 2711 Hanse
990 2649 1176 2712 Carintinus
1208 2669 1240 2710 se
1273 2648 1387 2730 viginti
1420 2667 1473 2708 sex

207 2756 322 2817 marcis
346 2769 377 2817 et
401 2755 526 2817 duabus
555 2756 663 2838 pensis
687 2756 793 2818 eidem
822 2756 1001 2818 debitorem
1026 2755 1166 2833 dixisset,
1195 2767 1308 2816 octavo
1334 2753 1385 2815 die
1412 2752 1473 2815 hoc

207 2862 364 2924 atestabit.

313 2967 391 3029 Item
416 2987 510 3030 causa
527 2966 659 3049 Georgii
686 2982 795 3029 contra
816 2968 985 3029 mulierem
1003 2968 1134 3030 Paulam
1159 2966 1199 3027 ad
1216 2979 1365 3027 octavum
1385 2964 1472 3026 diem

207 3072 247 3135 ad
271 3093 383 3155 pacem
409 3086 456 3135 est
480 3087 615 3155 recepta.

313 3179 392 3242 Item
418 3178 578 3261 Georgius
602 3178 841 3240 molendinator
866 3194 974 3240 contra
1001 3177 1194 3259 Gregorium
1218 3155 1328 3260 primo·
1358 3177 1472 3239 citatus

207 3305 273 3348 non
298 3287 490 3368 comparuit.

314 3391 392 3453 Item
418 3393 556 3452 Jacobus
577 3393 682 3452 taskar
707 3403 816 3452 contra
842 3391 1009 3452 Marenum
1030 3391 1134 3472 primo
1159 3391 1272 3452 citatus
1295 3409 1360 3452 non
1385 3409 1470 3452 corn·

208 3497 324 3580 paruit.

313 3603 390 3664 ltem
427 3622 520 3663 causa
557 3601 697 3684 Philippi
735 3615 843 3663 contra
884 3602 1014 3664 Petrum
1044 3602 1083 3664 ad
1123 3615 1272 3665 octavum
1305 3602 1392 3663 diem
1426 3614 1472 3662 est

206 3723 389 3791 prorogata.

313 3814 390 3876 Item
409 3813 541 3875 domina
567 3812 766 3894 Margaretha
784 3834 915 3877 consors
932 3814 1078 3877 Ceuetko
1096 3827 1184 3876 sexto
1201 3835 1245 3893 se,
1264 3815 1340 3876 item
1360 3815 1472 3877 Petrus

207 3920 349 3981 secundo
375 3939 407 3980 se
433 3939 468 3980 ac
489 3919 615 4000 Vinoga
633 3920 748 3982 mulier
772 3920 914 3983 secundo
931 3941 963 3982 se
988 3940 1083 4001 super
1107 3940 1146 3982 eo
1170 3920 1356 4000 (jurabunt),
1383 3920 1470 4002 quod

207 4025 266 4108 ipsi
296 4025 459 4107 quandam
484 4026 653 4106 pecuniam
679 4024 811 4108 Georgii
835 4046 901 4088 non
924 4027 1161 4089 subtraxissent.

311 4131 390 4191 item
417 4130 561 4192 Iwchech
586 4145 695 4192 contra
721 4132 826 4192 Endre
852 4133 955 4214 primo
980 4132 1093 4193 citatus
1117 4151 1182 4193 non
1207 4133 1396 4215 comparuit.

314 4236 393 4298 Item
418 4256 512 4298 causa
537 4236 630 4298 Judei
663 4251 770 4299 contra
804 4239 1049 4318 Nigromantem
1077 4237 1117 4299 ad
1149 4239 1290 4319 primum
1315 4238 1469 4319 judicium

207 4354 280 4423 post
303 4361 397 4402 suum
423 4342 598 4403 adventum
623 4357 670 4403 est
693 4357 874 4425 prorogata.

313 4446 393 4509 Item
419 4448 582 4530 Myklinus
606 4462 637 4511 et
661 4449 786 4512 Vlricus
814 4450 975 4512 institores
1007 4463 1116 4513 contra
1142 4451 1225 4510 Rees
1256 4451 1361 4531 primo
1385 4451 1470 4512 citati

207 4571 272 4614 non
297 4568 556 4634 comparuerunt.

313 4658 391 4722 ltem
425 4661 580 4723 Martinus
612 4661 829 4742 carpentarius
860 4673 970 4723 contra
1002 4660 1105 4723 Joffan
1130 4661 1236 4743 primo
1268 4662 1381 4723 citatus
1404 4681 1469 4723 non

207 4765 398 4844 comparuit.
