3472 5234
638 349 725 406 Anno
747 358 835 424 1377.
862 380 901 390 -
926 358 972 423 17.
997 349 1110 422 aprilis.

351 556 429 618 Item
463 555 643 637 Stephanus
671 554 763 619 Cilus
795 569 905 618 contra
936 558 1066 619 Petrum
1092 557 1227 638 longum
1263 557 1368 640 primo
1399 558 1512 620 citatus

246 683 310 725 non
336 662 525 745 comparuit.
1395 731 1399 737 ⁴

347 768 425 830 Item
451 788 544 830 causa
577 767 701 829 Nicolai
734 766 773 830 de
805 768 939 830 Rabuch
974 781 1006 831 et
1037 767 1190 850 Stephani
1215 766 1320 830 fratris
1353 768 1509 830 Iohannis

244 872 337 935 ferrei
362 888 408 936 est
432 895 488 957 per
503 873 698 955 Gregorium
722 873 838 955 Angeli
863 888 895 936 et
910 875 1103 936 Mauricium
1126 874 1168 936 ad
1191 887 1265 937 octo
1289 874 1358 938 dies
1382 888 1511 957 recepta
1616 895 1618 899 ’

245 979 286 1042 ad
332 999 431 1042 acem.

309 1001 330 1063 p
352 1086 429 1148 Item
455 1087 605 1167 magister
629 1086 747 1148 Paulus
770 1100 885 1149 octavo
917 1086 969 1148 die
992 1099 1103 1148 contra
1132 1087 1349 1168 Dragozlaum
1373 1105 1430 1168 pet
1454 1085 1511 1147 Ni·

246 1192 373 1254 colaum
406 1191 543 1253 condam
575 1191 714 1273 judicem
755 1205 786 1255 et
818 1191 996 1274 Georgium
1027 1193 1209 1275 Mykouche
1241 1192 1389 1255 atestabit
1420 1190 1510 1274 quod

244 1298 348 1380 ipsum
373 1298 611 1380 vituperaverit.

349 1421 427 1483 Item
452 1420 629 1502 Gregorius
653 1420 694 1484 de
725 1421 838 1483 Lonka
869 1434 979 1484 contra
1003 1421 1212 1483 Dominicum
1236 1435 1351 1487 octavo
1375 1422 1428 1484 die
1460 1441 1509 1484 te·

244 1527 426 1610 spondebit.

350 1634 428 1697 Item
452 1634 605 1696 Nicolaus
628 1631 713 1695 filius
737 1632 863 1695 Crisani
888 1646 998 1696 contra
1021 1633 1242 1696 Alexandrum
1265 1634 1371 1718 primo
1395 1634 1509 1697 citatus

245 1759 311 1801 non
336 1739 526 1821 comparuit.

349 1845 428 1907 Item
452 1846 590 1907 Iacobus
613 1859 724 1909 contra
748 1844 927 1926 Georgium
954 1859 1068 1907 octavo
1093 1845 1145 1907 die
1169 1845 1386 1928 respondebit.

350 1951 427 2012 Item
452 1951 588 2034 Mykech
621 1949 708 2012 filius
732 1951 861 2014 Martini
893 1950 1010 2032 jurabit
1037 1965 1152 2015 octavo
1183 1951 1234 2013 die
1258 1971 1354 2035 super
1376 1951 1505 2015 duobus

243 2057 359 2140 porcis.

348 2163 425 2226 Item
452 2163 564 2224 Mario
587 2163 701 2225 Putani
725 2164 878 2244 magistro
902 2164 1003 2226 Paulo
1028 2165 1061 2225 in
1085 2164 1258 2246 quindenis
1281 2164 1359 2227 duas
1383 2184 1507 2227 marcas

243 2283 274 2331 et
296 2269 395 2351 judici
418 2269 559 2331 mediam
584 2269 726 2331 exsolvet
748 2283 879 2352 propter
903 2270 992 2351 quod
1016 2271 1121 2353 ipsum
1145 2271 1384 2353 vituperaverit.

349 2377 427 2438 Item
453 2376 634 2458 Stephanus
658 2390 768 2438 contra
784 2377 968 2458 Dragonam
992 2396 1025 2437 se
1048 2378 1164 2439 tercius
1180 2391 1294 2439 octavo
1312 2377 1363 2440 dle
1387 2376 1506 2459 jurabit

241 2502 335 2564 super
360 2502 409 2561 eo,
435 2482 522 2563 quod
546 2482 614 2564 ipse
638 2503 696 2544 nec
720 2503 775 2544 sua
800 2502 881 2544 uxor
904 2483 1012 2564 aliqua
1032 2485 1117 2545 bona
1141 2483 1241 2565 ipsius
1264 2483 1459 2546 habuissent.

349 2589 426 2651 Item
452 2588 597 2650 Francha
622 2603 731 2651 contra
755 2588 939 2671 Chupinam
972 2603 1086 2650 octavo
1119 2589 1171 2651 die
1195 2609 1229 2651 se
1252 2602 1359 2652 sextus
1389 2587 1507 2670 jurabit

244 2694 277 2756 in
302 2715 351 2774 eo,
376 2695 463 2776 quod
489 2695 556 2777 ipse
580 2714 670 2757 suam
695 2696 864 2777 pecuniam
889 2715 954 2757 non
979 2694 1141 2757 furaverit.

347 2801 425 2863 Item
459 2800 636 2882 Gregorius
666 2821 768 2883 usque
801 2801 868 2862 dies
896 2814 969 2863 octo
1001 2800 1140 2882 judicem
1165 2813 1196 2863 et
1228 2800 1349 2882 juratos
1378 2800 1503 2883 placare

242 2908 347 2986 debet,
371 2907 518 2988 alioquin
543 2907 667 2988 antiqui
691 2907 813 2990 judices
836 2907 993 2988 justiciam
1018 2905 1134 2968 facient
1158 2906 1198 2969 de
1224 2906 1350 2968 eodem.

347 3012 426 3074 Item
451 3011 598 3074 Geninus
622 3025 732 3073 contra
755 3012 894 3094 judicem
914 3027 1028 3074 octavo
1053 3012 1104 3073 die
1129 3011 1346 3094 respondebit.

347 3135 424 3197 Item
447 3136 592 3196 Andreas
616 3149 730 3197 octavo
755 3136 806 3196 die
838 3155 871 3197 se
902 3137 1019 3199 tercius
1042 3135 1160 3217 jurabit
1183 3136 1215 3196 in
1246 3154 1296 3214 eo,
1321 3135 1410 3217 quod
1434 3135 1503 3217 Ipse

242 3239 344 3302 fillum
368 3241 459 3301 Pauli
485 3242 593 3322 Kypar
617 3241 650 3301 in
674 3240 754 3302 facie
779 3261 844 3302 non
868 3243 1067 3323 percusserit.

347 3346 424 3408 Item
450 3348 562 3408 Marito
587 3346 701 3407 Putani
727 3347 759 3408 in
783 3347 955 3429 quindenis
971 3348 1069 3429 judici
1089 3349 1179 3410 XXV
1203 3368 1325 3411 marcas
1349 3347 1503 3426 exsolvet,

241 3452 318 3533 quia
342 3454 401 3514 sub
425 3472 508 3535 pena
536 3452 676 3533 ipsarum
709 3472 886 3515 marcarum
918 3455 1104 3535 magistrum
1130 3454 1266 3515 Paulum
1299 3453 1501 3536 vituperavit.

348 3574 426 3636 Item
452 3575 507 3636 Sib
524 3594 626 3655 usque
647 3587 720 3637 octo
744 3575 812 3637 dies
828 3576 924 3638 debet
947 3576 1085 3658 judicem
1103 3588 1134 3638 et
1152 3577 1272 3658 juratos
1289 3576 1501 3659 complacare.

345 3681 423 3741 Item
449 3680 601 3762 Gyurgelt
627 3694 736 3742 contra
761 3681 925 3743 Geninum
953 3683 1059 3765 primo
1083 3682 1196 3743 citatus
1217 3702 1282 3743 non
1307 3682 1497 3764 comparuit.

346 3785 424 3846 Item
452 3787 539 3848 Luca
564 3800 672 3847 contra
696 3789 884 3869 magistrum
901 3788 1036 3850 Paulum
1062 3788 1167 3869 primo
1192 3789 1304 3850 citatus
1329 3808 1394 3850 non
1412 3808 1500 3851 com·

237 3904 353 3972 parutt.

364 4107 462 4182 Ieria
489 4119 588 4183 sexta
616 4114 769 4200 proxima
798 4120 874 4201 post
903 4113 1086 4202 quindenas
1114 4113 1217 4184 Pasce
1246 4113 1379 4184 domini.

763 4280 827 4363 (17.
850 4286 978 4359 apriles).

342 4438 452 4499 PrImo
476 4439 649 4520 Dragonya
674 4439 871 4520 Stephanum
897 4440 1086 4501 saIIIvenam
1110 4460 1128 4501 a
1151 4461 1210 4502 suo
1234 4441 1391 4523 premisso
1415 4441 1499 4523 juta·

235 4557 344 4604 mento
369 4543 491 4605 remisit
515 4544 711 4626 expeditum,
737 4545 920 4607 absolutum
945 4559 975 4607 et
999 4565 1055 4626 per
1078 4546 1188 4607 omnia
1210 4545 1419 4610 satisfactum.

340 4666 418 4728 Item
452 4666 597 4728 Donatus
628 4667 767 4729 condam
798 4668 904 4749 judex,
933 4667 1086 4730 Nicolaus
1118 4668 1242 4731 OdoIas
1265 4681 1296 4730 et
1320 4669 1405 4731 Iwan
1436 4671 1497 4752 Zy-

234 4769 346 4832 rothke
372 4785 482 4834 contra
506 4772 677 4835 Nicolaum
699 4772 800 4835 filium
823 4774 928 4855 primo
952 4773 1038 4835 citati
1064 4793 1130 4837 non
1155 4789 1413 4856 comparuerunt.
