3472 5234
582 295 667 349 Anuo
688 288 779 367 1382.
803 323 844 333 —
868 285 923 349 28.
940 289 1100 364 februarii.
1424 287 1478 348 161

324 503 401 564 Item
428 502 536 564 Bartol
563 500 702 584 lapicida
726 514 837 561 contra
862 500 1017 561 Jacobum
1043 496 1213 580 pellificem
1238 498 1344 580 primo
1368 498 1485 558 citatus

219 629 284 671 non
310 609 499 690 comparuit.

327 714 405 775 Item
430 714 592 775 Barnabas
615 711 763 773 sacerdos
791 726 901 773 contra
934 710 1121 793 Philippum
1144 712 1249 794 primo
1274 712 1387 774 citatus
1419 732 1485 773 non

220 820 411 902 comparuit.

325 925 403 985 ltem
429 922 574 984 Thomas
606 923 823 1005 carpentarius
854 936 963 982 contra
997 921 1178 982 Johannem
1209 922 1350 985 Chemer
1381 923 1486 1005 primo

220 1030 334 1092 citatus
362 1048 427 1090 non
452 1029 641 1109 comparuit.

326 1135 405 1195 ltem
430 1153 524 1194 causa
549 1132 678 1195 Thome
703 1131 760 1194 filii
782 1132 911 1193 Andree
936 1147 1046 1193 contra
1065 1132 1264 1214 Stephanum
1290 1132 1393 1195 filium
1417 1134 1487 1216 My·

221 1240 341 1302 chaelis
365 1260 421 1322 per
446 1239 567 1320 judices
591 1240 632 1301 ad
656 1253 806 1301 octavum
831 1238 917 1299 diem
943 1254 989 1299 est
1012 1253 1193 1320 prorogata.

328 1362 406 1424 ltem
430 1361 570 1443 quedam
595 1363 688 1423 vinea
714 1363 796 1423 inter
819 1361 989 1423 Nicolaum
1014 1361 1131 1442 Angeli
1157 1375 1188 1422 et
1211 1362 1384 1423 Nicolaum
1409 1362 1488 1424 Hle·

221 1470 328 1551 bopek
353 1468 492 1550 litigiosa
517 1482 630 1530 octavo
654 1468 707 1529 die
732 1487 788 1550 per
812 1468 932 1548 juratos
956 1467 1052 1528 debet
1076 1467 1226 1529 estimari.

327 1574 405 1634 ltem
430 1594 524 1635 causa
550 1574 686 1635 Dionisii
711 1573 768 1634 filii
794 1572 901 1634 Endre
923 1586 1033 1634 contra
1057 1572 1225 1634 mulierem
1251 1571 1487 1652 Margaretham

222 1679 261 1740 ad
286 1692 436 1741 octavum
464 1680 550 1741 diem
575 1679 614 1740 ad
639 1698 751 1761 pacem
776 1692 822 1740 est
846 1692 1029 1760 prorogata.

331 1803 408 1865 ltem
440 1803 527 1885 quod
560 1804 634 1884 quia
667 1804 792 1864 Marcus
820 1802 903 1864 lilius
927 1802 1064 1884 Mykech
1096 1801 1162 1863 lilio
1189 1801 1348 1862 Leonardi
1372 1801 1485 1883 viginti

224 1909 368 1991 quinque
395 1929 517 1971 marcas
540 1909 745 1970 denariorum
769 1909 901 1970 domine
925 1913 1018 1969 Anne
1036 1908 1144 1969 relicte
1169 1907 1245 1969 dieti
1271 1907 1419 1990 Mykech‚
1444 1907 1483 1968 de

223 2015 480 2096 possessionibus
504 2015 579 2076 dicti
603 2015 772 2096 patrissui
797 2015 960 2096 persolvit,
985 2034 1071 2075 nunc
1095 2013 1170 2095 quia
1195 2012 1335 2094 quedam
1359 2032 1483 2094 posses·

222 2120 330 2181 siones
354 2120 486 2181 domine
510 2120 663 2202 Kabyche
687 2119 751 2181 filie
777 2120 875 2202 ipsius
891 2119 1028 2201 Mykech
1059 2118 1145 2201 apud
1171 2118 1341 2180 dominum
1365 2120 1480 2202 Myku-

222 2225 304 2285 sium
329 2223 431 2286 filium
456 2226 541 2287 lwan
565 2225 703 2286 condam
721 2226 860 2306 judicem
884 2239 958 2286 sunt
973 2239 1108 2307 reperte,
1133 2225 1206 2285 ideo
1224 2225 1291 2306 ipse
1317 2225 1485 2306 Mylrusius

222 2331 366 2411 quinque
390 2350 512 2392 marcas
536 2331 595 2413 ipsi
621 2332 729 2392 Marco
754 2351 855 2412 usque
880 2332 1060 2412 quindenas
1083 2330 1208 2392 solvere
1233 2331 1359 2392 debeat.

330 2455 407 2516 ltem
433 2455 592 2516 lanchech
617 2471 717 2516 sartor
741 2470 856 2517 octavo
881 2454 932 2516 die
956 2456 1099 2517 secundo
1116 2475 1148 2515 se
1173 2474 1268 2537 super
1293 2474 1331 2515 eo
1357 2453 1486 2534 jurabit,

223 2560 311 2641 quod
337 2561 441 2642 ipsum
467 2560 627 2641 Georgius
651 2563 869 2643 carpentarius
893 2562 1099 2623 vulnerasset.

354 2796 450 2870 Feria
477 2808 575 2871 sexta
603 2802 757 2888 proxima
786 2812 864 2872 ante
893 2799 1092 2870 dominicam
1121 2797 1357 2903 Reminiscere.

737 2966 802 3045 (28.
819 2971 994 3046 februarii).

330 3125 407 3186 ltem
433 3145 527 3186 causa
552 3125 708 3186 Johannis
731 3125 788 3187 filii
815 3126 898 3186 Petri
915 3140 1025 3188 contra
1050 3125 1220 3187 Nicolaum
1246 3124 1424 3207 Crisanych
1449 3124 1490 3186 ad

224 3246 373 3291 octavum
398 3231 484 3292 diem
509 3232 549 3292 ad
574 3251 686 3312 pacem
711 3245 757 3292 est
781 3246 917 3313 recepta.

330 3337 407 3397 ltem
433 3337 599 3397 Emericus
630 3356 764 3418 arcupar
796 3351 905 3398 contra
930 3336 1102 3398 Nicolaum
1134 3355 1288 3418 magnum
1313 3337 1419 3418 primo
1447 3336 1491 3398 ci-

223 3456 307 3503 tatus
329 3462 394 3503 non
420 3443 610 3523 comparuit.

329 3547 409 3609 ltem
434 3547 625 3609 Dominicus
642 3564 743 3610 sartor
762 3564 871 3611 contra
890 3548 1020 3631 Mathey
1044 3548 1144 3609 Pazar
1167 3548 1273 3630 primo
1295 3549 1409 3610 citatus
1423 3567 1491 3609 non

224 3654 415 3735 comparuit.

330 3759 408 3821 ltem
434 3758 609 3839 Gregorius
634 3759 729 3822 irater
748 3761 896 3823 Damiani
913 3774 1023 3822 contra
1041 3760 1206 3823 dominam
1224 3761 1366 3822 lwanam
1383 3761 1490 3841 primo

226 3865 340 3925 citatus
363 3885 428 3926 non
454 3867 643 3947 comparuit.

333 3970 411 4031 ltem
436 3971 544 4033 Laclro
566 3972 732 4054 Borchych
761 3987 870 4034 contra
903 3973 1033 4035 Petrum
1057 3985 1171 4034 octavo
1193 3971 1245 4033 die
1270 3973 1488 4054 respondebit.

334 4077 412 4138 Item
438 4078 575 4138 Jacobus
599 4079 724 4140 institor
754 4092 863 4141 contra
896 4080 1026 4141 Petrum
1051 4093 1165 4140 octavo
1197 4078 1248 4140 die
1273 4077 1491 4160 respondebit.

334 4200 411 4262 ltem
438 4199 554 4283 Gyuan
579 4215 688 4263 contra
710 4201 891 4264 Johannem
919 4201 1021 4264 filium
1041 4201 1217 4284 Mychaelis
1240 4201 1346 4283 primo
1378 4202 1492 4263 citatus

228 4324 293 4365 non
318 4304 507 4387 comparuit.

335 4410 412 4472 ltem
439 4411 615 4472 Damianus
636 4427 666 4474 et
698 4412 874 4493 Gregorius
898 4426 1007 4475 contra
1040 4413 1210 4474 Nicolaum
1236 4410 1416 4474 carnificem
1441 4432 1494 4474 oc·

226 4528 301 4576 tavo
326 4515 377 4576 die
402 4517 652 4598 respondebunt.

336 4621 414 4683 lrem
441 4620 616 4703 Gregorius
647 4621 731 4684 filius
755 4622 998 4706 Cbudauchych
1032 4638 1141 4685 contra
1164 4624 1249 4685 ltvan
1274 4622 1416 4685 secundo
1452 4624 1495 4685 ci·

229 4739 312 4786 tatus
336 4746 401 4787 non
434 4728 622 4809 comparuit.

1352 4838 1360 4878 r
1374 4839 1382 4878 r
