3472 5234
628 365 822 440 Ann01377.
848 397 887 406 —
912 379 962 424 ro.
985 365 1099 438 aprilis.
1455 365 1493 447 83

236 470 570 478 —-———-—-—

342 577 420 638 ltem
445 576 520 657 quia
550 574 725 658 Dyonisius
755 573 902 636 sacerdos
934 587 1044 637 contra
1067 575 1145 637 Wlk
1170 575 1202 636 in
1233 574 1419 637 testimonio
1442 575 1496 637 de-

237 680 323 761 iecit,
347 702 423 763 ergo
448 701 574 743 causam
599 680 748 762 perdidit.
1423 687 1426 691 “

339 787 418 849 ltem
455 788 566 849 Marito
601 786 716 848 Putani
750 800 859 848 contra
892 786 1070 867 Georgium
1109 786 1250 848 secundo
1286 788 1400 849 citatus
1430 807 1496 849 non

235 894 424 976 comparuit.

324 1128 421 1202 Feria
449 1138 548 1202 sexta
576 1133 730 1219 proxima
759 1137 835 1219 post
863 1138 1002 1202 octavas
1030 1131 1108 1203 festi
1138 1132 1241 1204 Pasce
1270 1133 1403 1204 domini.

758 1302 822 1376 (ro.
840 1299 966 1378 aprilis).

339 1459 447 1520 Primo
471 1478 564 1520 causa
595 1459 757 1521 Valentini
783 1471 814 1519 et
838 1459 968 1520 Markus
992 1473 1038 1521 est
1065 1480 1121 1540 per
1153 1461 1325 1521 Nicolaum
1359 1461 1496 1522 condam

235 1564 373 1646 judicem
400 1579 430 1627 et
447 1565 639 1627 Mauricium
656 1566 695 1625 ad
713 1578 785 1627 octo
803 1564 871 1626 dies
895 1579 1020 1647 recepta
1045 1565 1085 1627 ad
1102 1585 1233 1647 pacem3
1259 1580 1289 1628 et
1305 1586 1362 1648 pro
1380 1566 1496 1628 eodem

235 1672 365 1733 Markus
387 1670 590 1733 fideiussores
606 1672 776 1733 extiterunt
800 1673 858 1732 sub
883 1691 964 1753 pena
981 1668 1071 1733 XXV
1088 1691 1267 1733 marcarum
1291 1672 1496 1734 denariorum

200 1798 201 1802 ¹
235 1779 260 1839 si
285 1779 389 1860 ipsum
413 1777 533 1859 judicio
558 1792 739 1859 presentare
764 1797 830 1840 non
852 1791 992 1860 possent.

337 1884 414 1945 Item
440 1903 533 1945 causa
565 1885 648 1946 Petri
681 1896 712 1945 et
742 1883 871 1945 Tomlte
903 1884 1046 1945 mulieris
1078 1897 1124 1946 est
1154 1904 1211 1965 per
1241 1884 1434 1946 Budizlaum
1466 1898 1498 1947 et

233 1989 400 2050 Nicolaum
425 1988 465 2049 ad
488 2003 561 2050 octo
587 1989 656 2049 dies
679 2003 805 2070 recepta
831 1988 870 2050 ad
896 2008 1018 2070 pacem.

337 2094 415 2157 Item
441 2095 578 2176 Bulsych
604 2108 635 2156 et
660 2095 832 2176 Plathcych
857 2109 967 2155 contra
990 2095 1159 2156 dominum
1188 2095 1359 2157 Nicolaum
1384 2095 1496 2178 pleba-

233 2218 311 2261 num
335 2200 440 2280 primo
465 2200 550 2261 citati
576 2220 640 2261 non
665 2213 923 2281 comparuerunt.

339 2322 416 2384 ltem
450 2343 543 2384 causa
577 2323 685 2384 Sibich
718 2336 748 2384 et
772 2324 926 2385 lohannis
959 2325 1057 2385 Pazar
1090 2336 1136 2386 est
1159 2344 1215 2405 per
1248 2325 1431 2406 Dragonam
1466 2340 1497 2389 et

234 2429 349 2490 Paulas
373 2429 411 2490 ad
437 2443 510 2491 octo
535 2431 603 2491 dies
628 2444 754 2511 recepta
777 2432 816 2492 ad
846 2450 969 2511 pacem.

339 2535 418 2597 ltem
454 2535 630 2617 Gregorius
665 2551 774 2598 contra
810 2535 988 2617 Georgium
1023 2536 1162 2617 juratum
1200 2552 1313 2599 octavo
1345 2538 1397 2600 die
1435 2558 1498 2600 res·

234 2641 416 2724 spondebit.

337 2749 416 2809 ltem
442 2748 597 2808 Martinus
622 2746 791 2829 Zequirich
825 2760 934 2808 contra
958 2747 1129 2808 Nicolaum
1163 2748 1268 2829 primo
1295 2748 1408 2810 citatus
1431 2768 1497 2811 non

234 2854 422 2936 comparuit.

340 2959 417 3020 ltem
443 2977 537 3019 causa
561 2959 702 3040 magistri
720 2959 811 3020 Pauli
829 2972 861 3020 et
884 2959 983 3020 Marci
1001 2958 1115 3020 Putani
1133 2958 1261 3020 racione
1279 2958 1497 3022 ordinacionis

235 3077 269 3126 ut
293 3065 397 3147 ipsum
423 3064 635 3126 interficerent
659 3078 705 3126 est
721 3086 777 3148 per
800 3079 896 3127 testes
919 3065 958 3126 ad
984 3065 1163 3147 quindenas
1187 3080 1367 3147 prorogata.

339 3170 416 3230 ltem
443 3170 596 3232 Crisanus
620 3185 729 3232 contra
762 3172 890 3233 Petrum
923 3172 1115 3254 Hungarum
1147 3173 1252 3254 primo
1284 3172 1397 3235 citatus
1432 3192 1497 3234 non

235 3276 423 3356 comparuit.

339 3381 416 3443 ltem
442 3401 536 3442 causa
570 3382 667 3443 Marci
702 3396 732 3443 et
764 3382 896 3464 Georgii
925 3398 971 3444 est
1001 3404 1058 3466 per
1082 3383 1276 3465 Gregorium
1309 3385 1426 3465 Angeli
1457 3386 1497 3447 ad

234 3487 413 3567 quindenas
436 3500 562 3569 recepta
587 3488 626 3548 ad
652 3508 775 3569 pacem.

338 3593 416 3655 ltem
449 3593 539 3654 Mark
571 3594 685 3655 Putani
717 3608 827 3655 contra
852 3596 921 3657 Kus
952 3597 984 3656 in
1017 3596 1191 3677 quindenis
1215 3616 1271 3677 per
1306 3596 1435 3658 Petrum
1468 3609 1499 3659 et

234 3698 412 3760 Johannem
430 3700 575 3761 atestabit
600 3701 686 3780 quod
704 3701 763 3761 sibi
781 3714 920 3782 quatuor
937 3702 1086 3763 denarios
1101 3702 1241 3763 dedisset
1264 3702 1392 3763 racione
1409 3702 1497 3784 quod

234 3804 293 3865 sibi
319 3804 404 3866 idem
431 3806 498 3866 Kus
522 3806 554 3866 in
579 3805 719 3886 quadam
744 3806 843 3867 domo
868 3805 977 3868 lenum
1003 3808 1165 3889 deponere
1191 3806 1339 3870 dedisset.

340 3930 417 3990 ltem
442 3929 573 3990 domina
599 3929 725 3990 lwanka
751 3930 914 4011 Stephano
938 3930 1082 4013 predicto
1108 3930 1145 3991 lll
1171 3951 1293 3992 marcas
1317 3944 1348 3992 et
1371 3944 1498 4013 septua-

234 4033 321 4114 ginta
347 4036 491 4116 quinque
515 4035 665 4097 denarios
696 4036 791 4117 plene
823 4037 993 4118 persolvit,
1017 4057 1112 4118 super
1144 4037 1261 4118 quibus
1286 4037 1387 4119 ipsam
1411 4056 1499 4098 com·

236 4141 322 4202 misit
345 4141 537 4223 expeditam.

341 4247 418 4308 ltem
451 4248 565 4330 Jaklyn
599 4262 707 4309 contra
741 4248 846 4308 Mathe
880 4268 935 4330 per
967 4249 1135 4309 Miclinum
1167 4264 1321 4310 sartorem
1352 4248 1500 4310 ostendet

236 4364 350 4412 octavo
375 4352 427 4411 die
451 4352 537 4432 quod
564 4353 668 4434 ipsum
692 4352 838 4434 turpstsus
861 4353 965 4415 verbis
988 4368 1216 4434 pertractasset.

343 4457 420 4518 ltem
441 4458 621 4520 Marchicha
638 4474 747 4520 contra
764 4461 920 4521 Jakouam
937 4460 1078 4521 secundo
1096 4461 1210 4522 citatus
1226 4480 1291 4523 non
1308 4460 1499 4541 comparuit.

342 4563 420 4625 ltem
446 4564 556 4625 Petrus
581 4579 690 4625 contra
716 4564 822 4626 Lachlr
847 4567 951 4647 primo
982 4566 1095 4627 citatus
1119 4585 1184 4626 non
1206 4566 1395 4647 comparuit.

341 4687 420 4748 ltem
445 4688 598 4750 Nicolaus
630 4687 714 4750 filius
745 4689 871 4751 Crisani
903 4703 1014 4751 contra
1037 4689 1215 4751 Johannem
1248 4690 1354 4773 primo
1387 4691 1500 4754 citatus

238 4810 303 4852 non
327 4792 517 4874 comparuit.

1382 4883 1395 4911 .
