3472 5234
241 295 305 376 306
624 298 710 353 Anno
732 291 827 371 1389.
854 327 892 337 —
918 305 967 371 27.
991 297 1117 368 augusti.

347 506 424 568 Item
450 525 546 588 quem
571 505 786 586 juramentum
812 505 951 567 Jobanni
984 505 1023 567 de
1051 506 1215 568 Pensauro
1239 519 1271 568 et
1294 508 1416 570 Iacobo
1440 506 1509 569 filio

242 611 403 695 Gyungek
435 611 734 693 adjudicaveramus
765 612 905 673 eundem
938 610 1152 690 juramentum
1184 613 1317 674 Zakaria
1349 627 1503 695 tanquam

241 732 429 800 procurator
453 719 552 800 ipsius
576 718 699 779 domini
724 716 879 779 Iohannis
910 738 973 779 una
1005 738 1077 779 cum
1103 718 1189 780 dicto
1223 718 1343 781 Iacobo
1368 719 1408 782 de
1433 739 1504 801 par-

240 825 325 885 cium
351 825 515 886 voluntate
540 824 580 885 ad
605 823 717 885 Ieriam
742 836 864 885 sextam
888 824 1068 906 proximam
1085 837 1157 906 post
1181 823 1296 886 festum
1322 825 1503 887 Natiuitatis

241 932 330 993 beate
356 930 488 1012 vitginis
512 950 598 992 nunc
620 943 787 992 venturam
810 943 1064 1013 prorogaverunt
1080 930 1133 1009 ita,
1158 930 1246 1012 quod
1264 931 1330 1012 ipse
1348 931 1500 992 dominus

245 1036 407 1100 Iohannes
432 1038 462 1099 in
488 1037 570 1099 dicta
596 1035 674 1098 feria
698 1051 783 1098 sexta
809 1036 861 1097 hic
884 1056 1069 1120 comparere
1094 1036 1226 1114 debeat;
1253 1051 1285 1099 et
1308 1037 1334 1098 si
1359 1037 1426 1119 ipse
1450 1037 1508 1098 do-

242 1144 350 1205 minus
374 1143 536 1205 Iohannes
568 1163 631 1205 una
664 1162 737 1204 cum
762 1143 848 1205 dicto
880 1144 1001 1204 Iacobo
1033 1143 1228 1205 concordare
1265 1144 1393 1225 poterit,
1426 1144 1508 1206 bene

242 1250 386 1332 quidem,
411 1263 525 1312 extunc
549 1250 671 1311 dictum
701 1248 916 1329 juramentum
950 1249 1026 1331 ipsis
1058 1249 1205 1332 superius
1229 1248 1451 1330 adjudicatum
1475 1250 1508 1311 in

242 1355 325 1418 dicta
350 1355 428 1418 feria
451 1369 537 1418 sexta
561 1369 701 1438 prestare
725 1369 879 1418 teneatur.

348 1462 426 1524 Item
452 1463 508 1524 Sib
532 1475 642 1523 contra
668 1462 834 1523 Simonem
858 1477 1013 1523 sartorem
1030 1474 1124 1524 testes
1147 1462 1324 1544 producere
1349 1463 1461 1527 debet.

350 1568 429 1631 Item
448 1566 653 1630 Herkouicha
677 1584 787 1629 contra
805 1568 962 1649 Magucen
992 1567 1096 1649 primo
1114 1568 1208 1629 citata
1234 1587 1299 1629 non
1317 1569 1511 1652 comparuit.

348 1676 426 1737 Item
450 1674 557 1736 relicta
584 1673 730 1757 Mathyas
761 1688 872 1736 contra
896 1674 1060 1736 Thomam
1085 1675 1252 1736 literatum
1284 1674 1389 1756 primo
1414 1677 1508 1738 citata

241 1801 308 1843 non
333 1781 521 1864 comparuit.

347 1887 425 1948 Item
450 1887 561 1948 Petrus
585 1887 725 1948 decanus
749 1899 858 1948 contra
888 1886 1096 1947 Dominicum
1122 1886 1270 1947 terciario
1303 1887 1415 1948 citatus
1440 1905 1503 1947 non

242 1992 432 2075 comparuit.

349 2098 427 2160 Item
456 2098 610 2159 Lucasius
633 2111 741 2159 contra
768 2098 879 2159 Kusko
904 2097 1049 2158 terciario
1074 2097 1188 2159 citatus
1220 2117 1283 2158 non
1313 2097 1503 2179 comparuit.

347 2204 424 2266 Item
443 2202 604 2265 Iohannes
626 2218 736 2265 contra
761 2203 945 2265 Cristanum
962 2203 1067 2285 primo
1092 2205 1205 2265 citatus
1222 2223 1287 2265 non
1312 2203 1500 2285 comparuit.

347 2311 424 2371 Item
449 2310 632 2371 Anthonius
655 2324 765 2371 contra
781 2310 883 2372 Voleir
910 2310 1013 2391 primo
1038 2310 1152 2371 citatus
1177 2329 1241 2370 non
1266 2310 1456 2392 comparuit.

347 2416 425 2479 Item
458 2417 633 2498 Agustinus
656 2415 804 2478 sacerdos
828 2435 900 2477 cum
925 2415 1053 2476 Andrea
1077 2435 1178 2497 usque
1211 2431 1284 2478 octo
1308 2416 1377 2477 dies
1401 2416 1500 2477 racio·

239 2543 313 2585 aem
339 2543 459 2606 ponere
484 2522 588 2587 debet.

346 2629 424 2692 Item
454 2627 634 2710 Stephanus
658 2629 783 2690 Fernak
807 2643 916 2690 contra
941 2628 1065 2689 Jursieh
1091 2628 1281 2690 secundario
1306 2629 1419 2690 citatus
1438 2647 1503 2689 non

240 2736 430 2819 comparuit.

346 2841 424 2904 Item
449 2863 542 2904 causa
568 2841 701 2922 Georgii
727 2842 808 2902 inter
826 2860 958 2902 uxorem
984 2840 1152 2902 Laurencii
1170 2840 1286 2902 sutoris
1311 2859 1412 2922 usque
1430 2853 1504 2902 octo

241 2948 310 3010 dies
334 2962 379 3010 est
403 2963 584 3030 prorogata.

348 3053 426 3115 Item
451 3053 539 3134 quod
563 3052 638 3133 quia
663 3051 794 3134 Mathey
822 3051 923 3112 decan
947 3072 1004 3133 per
1035 3066 1129 3114 testes
1160 3051 1304 3114 efficaces
1328 3072 1424 3132 super
1451 3072 1505 3134 pe·

241 3159 336 3221 cunia
362 3179 468 3221 coram
494 3159 600 3238 judice
625 3158 857 3238 comprobavit,
882 3171 916 3218 ut
941 3159 1006 3240 ipse
1029 3159 1088 3219 sibi
1113 3159 1292 3221 XXIII...
1318 3174 1347 3220 et
1372 3158 1409 3219 III
1435 3158 1504 3220 flor.

241 3285 277 3327 ac
302 3279 441 3347 quatuor
465 3265 579 3327 marcis
604 3283 711 3325 coram
735 3263 923 3344 juratis...
949 3264 1022 3326 ideo
1047 3264 1132 3326 idem
1159 3265 1269 3326 Petrus
1292 3283 1394 3344 usque
1411 3265 1504 3344 quin·

241 3373 341 3434 denas
365 3372 484 3434 dictam
509 3371 679 3452 pecuniam
703 3370 809 3431 eidem
833 3372 957 3432 solvere
981 3373 1150 3433 tenebitur.

350 3477 426 3538 Item
454 3475 640 3537 iwanchech
665 3490 778 3537 octavo
803 3476 854 3538 die
880 3477 979 3538 tercio
1003 3498 1034 3537 se
1070 3497 1164 3556 super
1195 3497 1233 3537 eo
1258 3477 1385 3556 jurabit,
1418 3475 1505 3556 quod

241 3584 308 3666 ipse
334 3584 365 3644 in
390 3583 531 3664 quodam
557 3581 718 3643 forticinio
743 3583 903 3644 Kuskonis
928 3583 1081 3644 innocens
1105 3583 1153 3644 sit.

348 3689 426 3751 Item
452 3688 613 3749 iohannes
645 3688 789 3768 Zagorch
820 3688 962 3750 secundo
996 3709 1027 3749 se
1054 3703 1167 3750 octavo
1200 3688 1252 3749 die
1276 3709 1371 3770 super
1396 3708 1434 3749 eo
1459 3688 1507 3769 ju·

241 3795 332 3875 rabit,
357 3794 444 3875 quod
471 3795 536 3876 ipse
561 3809 679 3855 metam
704 3795 858 3878 voyschar
883 3815 947 3856 non
973 3809 1157 3877 perorasset.

260 3994 354 4068 terra
384 4004 483 4067 sexta
512 3999 666 4084 proxima
696 4005 772 4085 post
799 3997 922 4068 festum
951 3998 1040 4069 beati
1070 3998 1294 4068 bartholomei
1325 3999 1480 4086 apostoli.

753 4153 814 4227 (27.
839 4151 977 4226 aregustt).

346 4304 424 4367 Item
458 4304 618 4386 Georgius
654 4307 751 4369 Loter
787 4321 896 4369 contra
933 4308 1101 4370 Nicolaum
1143 4309 1247 4388 primo
1283 4309 1397 4370 citatus
1439 4330 1505 4371 non

242 4411 430 4493 comparuit.

345 4517 423 4579 Item
448 4518 558 4580 Petrus
581 4534 612 4580 et
636 4520 788 4582 Nicolaus
811 4534 922 4582 contra
948 4521 1059 4603 Rygen
1086 4522 1190 4603 primo
1218 4522 1303 4583 citati
1329 4541 1393 4583 non
1412 4542 1500 4583 com·

241 4637 424 4705 paruerunt.

345 4727 424 4789 Item
455 4748 548 4791 causa
572 4731 685 4814 Rygen
717 4745 827 4793 contra
852 4732 980 4794 Petrum
1013 4733 1191 4794 institorem
1228 4753 1283 4815 per
1308 4733 1500 4796 Mauricium

241 4852 343 4915 usque
368 4846 442 4895 octo
466 4833 535 4897 dies
558 4836 598 4897 ad
622 4855 735 4919 pacem
757 4851 803 4899 est
826 4851 964 4921 recepta.
