3472 5234
234 282 297 362 360

341 494 418 555 Item
444 494 532 575 quod
564 493 640 574 quia
673 493 779 554 Endre
813 493 878 576 Syb
903 511 958 574 per
990 506 1084 553 testes
1115 489 1259 553 efficaces
1284 493 1316 554 id
1348 512 1497 574 compro·

241 600 337 679 bavit,
361 600 449 681 quod
475 600 579 681 ipsum
605 598 693 660 Elias
716 618 832 681 parvus
856 598 1074 681 vituperasset,
1105 597 1178 658 ideo
1204 599 1271 680 ipse
1295 599 1393 682 Elyas
1417 598 1498 660 duas

232 726 353 769 marcas
386 725 487 788 usque
521 705 701 787 quindenas
732 705 836 766 eidem
863 705 970 767 Endre
994 704 1119 767 solvere
1152 703 1265 781 debet;
1288 704 1355 788 ipse
1387 716 1495 766 autem

232 814 331 896 EIyas
355 814 472 875 dIctam
497 831 624 874 causam
649 814 689 874 ad
714 812 863 893 antiquos
887 810 1007 889 judices
1030 810 1215 893 appellavit.

338 920 415 981 Item
442 920 579 980 Iacobus
603 939 659 1001 per
684 918 908 995 Laurencium,
927 916 1120 997 Gregorium
1145 915 1279 979 voschar
1303 928 1334 978 et
1357 915 1495 978 alterum

237 1025 431 1107 Gregorium
457 1026 614 1086 decanum
639 1038 753 1088 octavo
778 1024 830 1085 die
854 1023 915 1086 hoc
943 1022 1113 1102 attestabit‚
1137 1023 1226 1105 quod

341 1132 418 1194 Item
451 1151 568 1214 parvus
601 1131 697 1212 EIyas
729 1144 842 1192 octavo
875 1130 926 1191 die
958 1149 1053 1212 supet
1085 1149 1124 1191 co
1155 1129 1283 1212 jurabit,
1308 1129 1397 1211 quod
1430 1129 1496 1212 ipse

235 1238 380 1318 gladium
407 1238 563 1299 Iohannis
587 1236 741 1299 carnificis
765 1256 830 1298 non
858 1235 1029 1299 habuisset.

337 1455 434 1529 Fetia
462 1464 559 1529 sexta
588 1458 743 1546 proxima
771 1464 848 1546 post
875 1457 998 1529 testum
1026 1459 1135 1528 sancti
1165 1455 1389 1527 Bartholomei

785 1581 941 1669 apostoli.

338 1750 415 1811 Item
443 1750 545 1810 Lucas
569 1747 652 1809 filius
677 1748 782 1829 Draga
806 1763 916 1810 contra
937 1749 1092 1810 Jacobum
1116 1748 1213 1810 taslar
1236 1762 1267 1811 et
1293 1747 1490 1830 Stephanum

232 1857 408 1918 salirenam
432 1855 537 1937 primo
560 1855 673 1916 citatus
697 1874 762 1916 non
787 1855 975 1937 comparuit.

337 1962 414 2022 Item
449 1961 629 2043 Stephanus
653 1959 819 2043 Chaplych
849 1976 962 2023 octavo
987 1962 1038 2023 die
1070 1981 1125 2043 per
1150 1962 1278 2023 Petrum
1305 1961 1425 2022 dictum
1451 1961 1491 2021 de

232 2069 451 2130 Iaztreberzka
467 2081 497 2128 et
514 2066 707 2148 Gregorium
722 2067 962 2150 Chudauchych
980 2068 1042 2129 hoc
1058 2067 1214 2146 atestabit,
1231 2066 1318 2148 quod
1335 2066 1490 2128 Martinus

232 2175 388 2257 Zekyrich
414 2194 469 2256 per
494 2174 706 2235 donacionem
733 2173 884 2254 Stephani
910 2175 1049 2255 quedam
1073 2174 1223 2236 stramina
1249 2173 1428 2254 recepisset.

341 2282 417 2343 Item
442 2301 535 2343 causa
562 2280 708 2358 Gregorii
734 2281 867 2342 voschar
892 2293 1001 2342 contra
1031 2282 1167 2364 Mykech
1192 2278 1350 2363 Magdych
1376 2279 1416 2340 ad
1440 2299 1493 2341 oc-

233 2403 342 2452 tavum
367 2389 453 2450 diem
479 2388 518 2448 ad
543 2407 655 2470 pacem
680 2400 726 2449 est
751 2402 885 2469 recepta.
1531 2459 1537 2470 Ι

340 2496 416 2557 Item
443 2493 588 2577 Mychael
615 2493 816 2576 Ortopthch
841 2508 872 2555 et
896 2493 1057 2555 Iohannes
1081 2491 1166 2554 filius
1191 2493 1281 2553 Pauli
1305 2506 1416 2554 contra
1441 2493 1494 2553 Jo-

232 2603 371 2664 hannem
396 2601 498 2664 filium
523 2600 648 2662 Nicolni
673 2613 788 2661 octavo
813 2599 865 2661 dIe
887 2598 1136 2680 respondebunt.

339 2708 416 2770 Item
440 2728 535 2770 causa
561 2706 705 2769 Mauricii
731 2720 840 2767 contra
863 2706 1077 2787 Dragozlaum
1103 2705 1143 2766 ad
1167 2719 1316 2767 octavum
1341 2706 1427 2767 diem
1452 2705 1493 2766 ad

232 2834 343 2898 pacem
368 2830 415 2876 est
438 2828 575 2896 recepta.

339 2921 414 2982 Item
442 2920 577 3003 Blasych
602 2934 712 2981 contra
745 2920 900 2980 Jacobum
925 2919 1003 2979 BoIe
1036 2919 1140 3000 primo
1173 2920 1287 2981 citatus
1318 2939 1381 2980 non
1407 2939 1494 2980 com-

232 3028 350 3108 paruit.

338 3133 416 3194 Item
442 3131 604 3193 Iohannes
629 3147 738 3192 contra
763 3131 934 3192 Nicolaum
959 3145 1113 3192 sartorem
1138 3132 1281 3193 secundo
1299 3133 1411 3194 citatus
1428 3153 1493 3195 non

232 3239 424 3321 comparuit.
772 3302 774 3306 ,

340 3344 418 3407 Item
452 3364 544 3404 causa
578 3343 683 3404 Mathe
715 3344 902 3425 gladiatoris
934 3359 1043 3406 contra
1076 3346 1247 3428 Jaklynum
1279 3346 1319 3407 ad
1344 3360 1493 3407 octavum

233 3452 319 3512 diem
344 3451 384 3511 ad
408 3469 521 3532 pacem
546 3463 591 3512 est
620 3464 756 3531 recepta.

339 3557 416 3618 Item
441 3556 552 3615 Petrus
575 3556 678 3616 dictus
702 3556 741 3616 de
767 3556 988 3618 Jaztreberzka
1013 3571 1121 3619 contra
1149 3559 1362 3621 Laurencium
1389 3560 1493 3642 prImo

234 3662 347 3723 citatus
370 3681 435 3722 non
460 3661 649 3743 comparuit.

339 3767 416 3828 Item
442 3767 544 3827 Lucas
568 3766 712 3829 medicus
737 3782 845 3829 contra
871 3815 955 3831 ....

339 3872 415 3934 Item
441 3894 534 3934 causa
559 3874 727 3936 Laurencii
753 3874 892 3936 condam
916 3875 1030 3955 judicis
1055 3891 1163 3938 contra
1200 3924 1207 3939 .
1233 3924 1240 3939 .
1273 3891 1427 3940 sartorem
1454 3880 1494 3940 ad

232 3993 382 4041 octavum
407 3980 493 4041 diem
517 3981 557 4040 ud
582 4000 691 4063 pacem
718 3995 764 4042 est
790 3998 927 4063 recepta.

336 4086 413 4148 Item
450 4087 584 4148 Cosmas
619 4087 777 4149 aurifaber
817 4102 927 4150 contra
962 4089 1100 4168 judicem
1136 4091 1241 4172 prImo
1277 4092 1390 4153 citatus
1425 4111 1490 4152 non

233 4207 421 4273 comparuit.

340 4298 418 4359 Item
443 4299 604 4361 Iohannes
630 4301 773 4362 Smunda
807 4316 915 4363 contra
950 4303 1142 4384 Gregorinm
1167 4304 1300 4365 voschar
1323 4306 1427 4387 primo
1452 4306 1494 4366 ci-

232 4416 315 4464 tatus
344 4425 407 4466 non
434 4407 622 4487 comparuit.

340 4511 418 4573 Item
443 4532 535 4574 causa
562 4512 709 4592 Gregorii
743 4528 852 4575 contra
884 4516 1064 4578 Mosnarieh
1090 4517 1130 4577 ad
1155 4531 1304 4578 octavum
1336 4516 1422 4578 diem
1455 4516 1495 4577 ad

234 4636 345 4696 pacem
370 4630 416 4678 est
439 4631 577 4700 recepta.

338 4724 416 4786 Item
440 4726 582 4786 Brumen
606 4740 715 4787 contra
741 4726 895 4789 Mathiam
919 4729 1024 4811 prImo
1057 4731 1170 4792 citatus
1201 4751 1267 4793 non
1303 4731 1492 4814 comparuit.
