3474 5234
225 355 290 416 304
630 333 715 391 Anno
738 328 833 408 1389.
860 365 900 374 -
919 345 976 408 50.
992 332 1076 408 julii.

331 547 408 608 Item
433 565 526 607 causa
551 543 626 604 Ivan
659 556 767 605 contra
794 541 992 625 Stephanum
1026 561 1127 622 usque
1161 542 1299 624 prImum
1331 539 1486 621 judicium

225 668 272 716 est
295 666 475 735 prorogata.

332 759 407 819 Item
434 758 552 819 Paulus
576 770 690 820 octavo
714 755 765 817 die
790 755 879 817 solus
907 774 1001 836 super
1025 773 1064 815 eo
1096 753 1223 834 jurabit,
1248 751 1336 834 quod
1362 750 1489 813 SamIar

229 885 286 948 pro
311 864 450 946 quadam
475 883 626 925 crumena
651 882 747 923 unam
773 880 912 923 marcam
937 860 1142 921 denariorum
1160 878 1224 920 non
1250 858 1380 940 recepit.

330 970 408 1031 Item
434 970 587 1031 Nicolaus
611 968 725 1030 Kouch
749 981 863 1030 octavo
880 967 932 1029 die
956 967 1098 1029 secundo
1119 985 1270 1048 sesuper
1294 985 1333 1026 eo
1358 963 1487 1045 jurabit,

226 1077 313 1159 quod
339 1077 406 1158 ipse
431 1095 562 1138 uxorem
590 1076 688 1138 Marci
713 1094 778 1136 non
803 1074 993 1137 verberavit.

332 1182 411 1245 Item
437 1183 555 1243 Paulus
578 1196 667 1244 sutor
691 1196 805 1243 octavo
823 1181 875 1241 die
894 1181 994 1242 tercio
1018 1201 1051 1242 se
1076 1198 1227 1262 supereo
1252 1177 1380 1259 jurabit,
1398 1174 1487 1259 quod

227 1292 292 1373 Ipse
318 1290 440 1372 palium
466 1289 564 1350 Lucie
588 1308 654 1350 non
678 1288 892 1350 subtraxisset.

332 1397 412 1457 Item
436 1396 553 1457 Karrea
574 1395 690 1457 mulier
707 1407 820 1456 octavo
845 1393 896 1454 die
913 1393 1011 1454 tercio
1029 1413 1062 1455 se
1085 1413 1180 1475 super
1198 1412 1236 1454 eo
1254 1390 1380 1470 jurabit,
1398 1387 1487 1471 quod

226 1504 293 1585 ipsa
318 1501 481 1583 quandam
506 1503 634 1563 bursam
659 1501 760 1562 Marte
784 1499 928 1562 mulieris
952 1519 1017 1560 non
1041 1499 1219 1561 abcidisset.

331 1607 408 1668 Item
424 1607 562 1689 Egidius
586 1620 674 1669 sutor
697 1607 797 1668 tercio
821 1626 853 1667 se
877 1625 1028 1688 supereo
1052 1605 1179 1686 jurabit,
1197 1604 1291 1687 ¹quod
1316 1604 1383 1684 ipse
1407 1601 1488 1663 nihil

228 1713 329 1775 Paulo
353 1714 452 1775 sutori
476 1713 690 1775 subtraxisset.

305 1931 402 2006 Iena
430 1941 529 2005 sexta
556 1933 712 2022 proxIma
739 1940 815 2021 post
843 1933 966 2005 festam
995 1935 1084 2004 beati
1112 1932 1230 2022 Jacobi
1259 1930 1416 2021 apostoli.

765 2083 831 2165 (30.
848 2085 952 2163 julii).

332 2227 410 2288 Item
445 2227 641 2288 Laurencius
675 2239 764 2288 sutor
798 2238 907 2288 contra
943 2227 1099 2288 Iacobum
1132 2228 1236 2309 primo
1277 2226 1391 2289 citatus
1422 2246 1488 2288 non

228 2333 418 2414 comparuit.

335 2438 411 2501 Item
431 2439 577 2501 Andreas
593 2453 702 2501 contra
720 2438 914 2521 Gregorium
930 2440 1072 2501 secundo
1089 2439 1202 2501 citatus
1219 2458 1282 2500 non
1301 2437 1491 2520 comparuit.

333 2546 412 2607 Item
439 2545 574 2608 MIchael
598 2559 707 2607 contra
732 2545 824 2608 Cifus
848 2546 952 2628 prImo
984 2546 1096 2607 citatus
1120 2565 1184 2606 non
1210 2545 1399 2628 comparuit.

334 2653 412 2714 Item
444 2652 556 2714 Petrus
585 2652 745 2734 gladiator
777 2665 886 2715 contra
919 2652 1081 2714 Thomam
1117 2652 1222 2734 primo
1264 2651 1378 2713 citatus
1424 2669 1490 2712 non

229 2758 419 2840 comparuit.
1397 2749 1401 2756 ’

336 2863 413 2925 Item
439 2862 622 2924 Anthonius
656 2864 780 2927 Iursich
812 2879 923 2926 contra
949 2866 1076 2926 Petrum
1108 2865 1268 2926 literatum
1300 2861 1492 2926 secundario

231 2971 345 3031 citatus
370 2989 434 3031 non
459 2969 649 3052 comparuit.

335 3075 412 3137 Item
438 3075 549 3137 Petrus
573 3075 672 3136 decan
696 3089 806 3137 contra
831 3076 1038 3139 DominIcum
1063 3078 1253 3140 secundario
1278 3078 1392 3141 citatus
1425 3096 1490 3139 non

230 3181 419 3263 comparuit.
1292 3246 1298 3255 ,
1454 3194 1458 3201 ’

335 3286 414 3348 Item
439 3286 637 3366 Dragozlaus
660 3301 769 3348 contra
795 3286 923 3349 Petrum
947 3291 1052 3372 primo
1070 3291 1183 3353 citatus
1207 3311 1272 3352 non
1299 3291 1489 3374 comparuit.

335 3394 413 3455 Item
445 3412 539 3455 causa
572 3392 720 3474 Gregorii
754 3407 863 3456 contra
895 3395 1074 3459 Iohannem
1107 3397 1250 3480 Zagorch
1284 3417 1384 3480 usque
1417 3410 1491 3461 octo

231 3501 299 3562 dies
323 3500 362 3561 ad
388 3519 499 3582 pacem
524 3513 570 3560 est
595 3514 730 3582 recepta.

337 3606 414 3668 Item
447 3626 540 3668 causa
572 3607 657 3669 Petri
688 3622 796 3670 contra
828 3609 952 3671 IursIch
984 3629 1085 3691 usque
1117 3625 1190 3673 octo
1223 3611 1291 3675 dies
1315 3612 1355 3673 ad
1379 3630 1491 3693 pacem

232 3724 279 3774 est
303 3723 439 3794 recepta.

340 3818 418 3882 Item
443 3820 620 3900 Agustinus
636 3821 783 3883 sacerdos
807 3836 914 3884 contra
934 3823 1144 3887 Benedictum
1161 3825 1266 3907 prImo
1290 3826 1404 3888 citatus
1426 3845 1492 3887 non

232 3925 421 4007 comparuit.

338 4030 416 4093 Item
442 4031 622 4114 Stephanus
639 4034 763 4096 Fernak
788 4048 897 4098 contra
915 4036 1040 4099 IursIch
1056 4038 1161 4120 primo
1184 4038 1297 4100 citatus
1322 4057 1386 4100 non
1405 4057 1492 4100 com·

234 4138 350 4220 paruit.

341 4244 418 4306 Item
450 4265 544 4306 causa
577 4246 740 4309 Kuskonis
774 4262 883 4312 contra
918 4250 1089 4312 Lucasium
1121 4270 1221 4332 usque
1255 4266 1329 4314 octo
1354 4253 1422 4316 dies
1446 4252 1493 4315 ‚ad

232 4369 345 4432 pacem
370 4363 417 4412 est
441 4366 576 4431 recepta.

340 4456 417 4517 Item
450 4476 544 4518 causa
575 4458 716 4520 Simonis
747 4474 855 4522 contra
890 4462 945 4523 Sib
978 4482 1078 4544 usque
1111 4477 1183 4525 octo
1215 4463 1284 4526 dies
1315 4465 1354 4526 ad
1380 4484 1491 4547 pacem

234 4572 281 4622 est
308 4575 445 4644 recepta.

340 4666 417 4730 Item
449 4668 622 4751 Dragonya
653 4681 741 4731 sutor
773 4671 920 4734 Dionisio
951 4694 1051 4755 usque
1085 4676 1265 4757 quindenas
1295 4698 1349 4740 sex
1374 4699 1495 4742 marcas

232 4771 357 4835 solvere
381 4773 487 4837 debet.
