3472 5234
589 295 675 353 Anno
701 296 789 371 1376.
816 328 856 336 -
879 308 926 354 12.
951 265 1121 368 septembres.

335 506 412 567 Item
450 525 543 566 causa
575 504 697 567 Vrbani
727 516 758 566 et
790 503 944 586 Stephani
971 517 1017 564 est
1048 524 1104 585 per
1127 504 1314 584 magistrum
1348 500 1493 562 Francha

229 610 427 674 aurifabrum
451 611 490 672 ad
515 625 589 673 octo
613 611 682 672 dies
705 622 831 692 recepta
855 611 895 671 ad
919 629 1042 692 pacem.

336 717 415 778 Item
439 715 583 778 Iwchech
615 716 831 797 carpentarius
861 730 971 777 contra
996 713 1148 797 Gyurgek
1180 714 1407 797 calcariparum
1443 734 1491 775 se-

230 822 338 885 cundo
363 823 476 885 citatus
499 841 565 884 non
589 821 778 903 comparuit.

335 945 413 1007 Item
445 945 521 1007 Sara
554 959 668 1007 octavo
692 944 743 1005 die
776 963 832 1026 per
856 944 1054 1026 Stephanum
1086 944 1161 1005 Jaxe
1186 957 1216 1004 et
1246 961 1401 1025 precones
1424 955 1490 1004 ate-

228 1052 324 1115 stabit
354 1065 464 1113 contra
497 1050 716 1113 Alexandrum
745 1070 840 1132 super
872 1069 922 1129 eo,
955 1051 1043 1131 quod
1075 1050 1142 1131 ipse
1174 1050 1207 1111 in
1241 1068 1331 1110 suam
1356 1048 1489 1111 domum

228 1171 373 1241 tempore
397 1171 557 1220 nocturno
582 1176 680 1218 manu
703 1157 854 1238 vonenta
877 1156 1095 1218 subintrasset.

337 1263 415 1325 Item
440 1264 559 1324 Paulus
581 1276 670 1324 sutor
693 1275 807 1323 octavo
831 1261 883 1323 die
907 1280 963 1343 per
987 1260 1185 1343 Stephanum
1208 1259 1312 1322 filium
1336 1259 1491 1343 Drasych‚

228 1368 391 1431 Martinko
416 1382 447 1430 et
464 1366 629 1429 Thomam
644 1387 681 1429 ac
696 1386 790 1428 suum
807 1386 962 1448 generum
985 1367 1132 1428 atestabit
1156 1366 1188 1427 in
1206 1385 1256 1444 e0‚
1279 1365 1368 1447 quod
1385 1366 1491 1447 ipsum

228 1472 410 1555 Stephanus
433 1492 509 1534 suus
533 1472 748 1534 mercenarius
772 1472 908 1533 biccello
933 1472 1102 1552 evaginato
1127 1471 1234 1532 ledere
1258 1471 1423 1533 voluisset.

334 1597 413 1658 Item
436 1597 556 1658 Paulus
580 1615 689 1658 cursor
706 1608 816 1658 contra
837 1595 1046 1657 Benedictum
1062 1609 1216 1657 sartorem
1240 1595 1346 1677 primo
1370 1594 1491 1676 iudicio

229 1716 301 1785 post
323 1721 418 1764 suum
441 1702 615 1763 adventum
642 1701 859 1783 respondebit.

334 1809 413 1870 Item
438 1807 598 1888 Georgius
622 1820 653 1869 et
677 1807 833 1868 Martinus
867 1820 1003 1868 sartores
1027 1819 1137 1868 contra
1161 1805 1332 1868 Nicolaum
1356 1807 1491 1868 Zreber·

229 1914 332 1997 nycha
356 1926 471 1977 octavo
496 1912 549 1974 die
581 1912 731 1995 jurabunt
755 1912 788 1974 in
820 1931 871 1991 eo,
895 1912 983 1993 quod
1015 1912 1074 1995 ipsi
1100 1913 1140 1973 ab
1171 1910 1241 1993 ipso
1266 1911 1401 1974 domum
1424 1932 1491 1974 non

142 2048 145 2052 ·
229 2022 452 2104 apreciassent.

335 2126 413 2187 Item
437 2125 523 2186 Iwan
547 2136 635 2184 sutor
659 2137 773 2186 octavo
797 2123 848 2184 die
872 2138 981 2185 contra
1006 2123 1096 2185 Hans
1122 2124 1191 2185 sola
1214 2143 1349 2206 persona
1373 2125 1493 2207 jurabit

229 2232 261 2293 in
286 2251 336 2309 e0,
361 2231 450 2312 quod
474 2231 541 2310 ipse
565 2230 699 2290 anulum
724 2248 780 2311 per
803 2242 926 2311 septem
942 2229 1090 2291 denarios
1113 2228 1274 2292 habuisset
1297 2232 1337 2293 ab
1363 2231 1491 2311 eodem,

228 2337 324 2421 pepla
347 2349 455 2397 autem
479 2335 614 2396 omnino
637 2334 696 2396 sibi
721 2335 934 2416 persolvisset.

335 2458 413 2520 Item
437 2459 513 2540 quia
536 2457 614 2519 Iuan
631 2456 829 2519 Chudauech
852 2478 947 2519 suum
963 2459 1144 2540 privignum
1170 2457 1363 2540 Gregorium
1387 2460 1492 2524 filium

230 2563 307 2625 Iuan
330 2563 555 2646 potencialiter
578 2563 618 2624 de
642 2564 792 2624 manibus
824 2563 949 2625 Nicolai
973 2563 1111 2625 condam
1143 2565 1242 2626 nostri
1266 2565 1381 2643 judicis
1404 2587 1491 2630 rece-

230 2670 327 2751 pisset
350 2670 499 2731 manibus
515 2669 655 2748 armatis,
680 2669 838 2750 cumipse
856 2669 1013 2750 quosdam
1033 2671 1132 2731 boves
1156 2670 1268 2733 desua
1292 2674 1385 2735 viuea
1402 2694 1491 2736 amo-

230 2776 326 2838 visset
349 2789 380 2839 et
411 2775 594 2858 expulisset,
626 2774 714 2856 quod
747 2774 833 2835 idem
865 2774 1041 2855 Gregorius
1071 2789 1221 2836 oretenus
1244 2779 1388 2857 asseruit,
1413 2799 1491 2861 ergo

230 2895 276 2943 est
300 2882 465 2944 convictus
489 2881 521 2942 in
545 2880 575 2941 x
598 2880 713 2941 marcis
736 2879 953 2941 denariorum.

338 2987 416 3049 Item
440 3000 514 3069 post
536 2986 677 3068 primum
701 2985 874 3046 adventum
900 2985 1028 3047 Smalch
1049 2986 1081 3048 in
1106 2988 1294 3069 Zagrabiam
1311 3010 1385 3053 cum
1409 2991 1493 3054 Leh-

229 3093 381 3155 cumuald
404 3093 568 3154 racionem
591 3110 711 3173 ponere
736 3091 909 3151 debebunt.

336 3214 414 3276 Item
446 3213 578 3294 quidam
611 3225 712 3274 sartor
743 3213 873 3274 nomine
906 3215 1098 3275 Benedictus
1129 3230 1237 3277 contra
1262 3219 1393 3282 Petrum
1424 3241 1490 3283 sar-

229 3333 334 3381 torem
355 3318 433 3381 seria
457 3333 543 3380 sexta
566 3338 651 3379 nunc
675 3318 821 3399 proxima
840 3319 987 3379 atestabit
1009 3338 1066 3399 per
1090 3320 1268 3382 Iohannem
1293 3322 1396 3387 filium
1413 3326 1490 3389 Iuan

231 3439 261 3486 et
285 3424 447 3486 Vidonem
463 3424 614 3484 comitem
630 3436 810 3484 terrestrem
828 3423 860 3483 in
877 3442 927 3500 en,
950 3422 1038 3503 quod
1055 3424 1122 3505 ipse
1146 3427 1308 3506 quandam
1333 3428 1490 3514 Iorpicem

230 3550 248 3591 a
272 3531 415 3611 quodam
439 3528 621 3590 Tethonico
645 3528 753 3609 precio
777 3528 1018 3608 comparaverit.

254 3763 350 3837 FerIa
377 3772 475 3836 sexta
503 3765 657 3852 proxima
685 3771 763 3834 ante
790 3763 913 3835 festum
940 3761 1169 3837 Exaltacionis
1197 3778 1312 3842 sancte
1341 3778 1463 3847 crucis.

726 3910 791 3993 (12.
814 3917 999 3990 septembre).

337 4072 446 4133 Primo
470 4071 623 4132 Nicolaus
650 4070 767 4132 Mahne
798 4085 908 4134 contra
933 4072 1084 4134 Mathiam
1116 4075 1359 4157 stipendiarium
1383 4085 1490 4165 primo

232 4177 345 4239 citatus
369 4195 434 4237 non
459 4176 646 4258 comparuit.

338 4280 416 4341 Item
440 4279 614 4342 BudIzIaus
644 4296 754 4342 contra
782 4283 980 4344 Demetrium
1012 4282 1137 4346 fabrum
1161 4303 1275 4351 octavo
1308 4292 1359 4354 die
1383 4315 1416 4357 se
1441 4318 1490 4360 se·

233 4385 356 4447 cundus
379 4385 496 4465 jurabit
519 4386 550 4447 in
575 4405 625 4464 eo,
649 4386 737 4468 quod
761 4388 827 4469 ipse
851 4407 909 4469 pro
934 4387 1074 4450 Gerdina
1099 4411 1164 4453 non
1188 4392 1408 4461 fideiubuisset
1430 4422 1490 4484 pro

233 4510 350 4552 novem
374 4492 492 4573 pensis.

338 4595 417 4658 Item
449 4595 594 4659 Geninus
618 4599 696 4680 Lepi
728 4612 837 4661 contra
868 4598 1030 4662 Thomam
1057 4599 1159 4665 filium
1183 4606 1308 4668 Nicolai
1333 4610 1487 4677 aurifabri

233 4701 338 4784 primo
365 4701 479 4763 citatus
500 4721 567 4765 non
591 4705 779 4787 compamit.
