<?xml version="1.0" encoding="UTF-8"?>
<!DOCTYPE html PUBLIC "-//W3C//DTD XHTML 1.0 Transitional//EN"
    "http://www.w3.org/TR/xhtml1/DTD/xhtml1-transitional.dtd">
<html xmlns="http://www.w3.org/1999/xhtml" xml:lang="en" lang="en">
 <head>
  <title>
</title>
<meta http-equiv="Content-Type" content="text/html;charset=utf-8" />
  <meta name='ocr-system' content='tesseract 3.04.00' />
  <meta name='ocr-capabilities' content='ocr_page ocr_carea ocr_par ocr_line ocrx_word'/>
</head>
<body>
  <div class='ocr_page' id='page_1' title='image "./monumentahistor09laszgoog/monumentahistor09laszgoog_0360.png"; bbox 0 0 3472 5234; ppageno 0'>
   <div class='ocr_carea' id='block_1_1' title="bbox 233 323 1498 1772">
    <p class='ocr_par' dir='ltr' id='par_1_1' title="bbox 234 323 1085 411">
     <span class='ocr_line' id='line_1_1' title="bbox 234 323 1085 411; baseline -0.006 -19"><span class='ocrx_word' id='word_1_1' title='bbox 234 350 299 411; x_wconf 89' lang='lat'>304</span> <span class='ocrx_word' id='word_1_2' title='bbox 638 323 842 403; x_wconf 74' lang='lat' dir='ltr'>Anno1589.</span> <span class='ocrx_word' id='word_1_3' title='bbox 869 360 908 369; x_wconf 92' lang='lat'><em>-</em></span> <span class='ocrx_word' id='word_1_4' title='bbox 927 341 984 404; x_wconf 77' lang='lat'>30.</span> <span class='ocrx_word' id='word_1_5' title='bbox 1000 327 1085 403; x_wconf 78' lang='lat' dir='ltr'>julii.</span> 
     </span>
    </p>

    <p class='ocr_par' dir='ltr' id='par_1_2' title="bbox 234 536 1496 730">
     <span class='ocr_line' id='line_1_2' title="bbox 339 536 1496 620; baseline -0.005 -17"><span class='ocrx_word' id='word_1_6' title='bbox 339 541 416 603; x_wconf 91' lang='lat' dir='ltr'>Item</span> <span class='ocrx_word' id='word_1_7' title='bbox 442 560 534 602; x_wconf 90' lang='lat' dir='ltr'>causa</span> <span class='ocrx_word' id='word_1_8' title='bbox 560 538 635 600; x_wconf 90' lang='lat' dir='ltr'>Ivan</span> <span class='ocrx_word' id='word_1_9' title='bbox 668 551 776 600; x_wconf 90' lang='lat' dir='ltr'>contra</span> <span class='ocrx_word' id='word_1_10' title='bbox 802 536 1001 620; x_wconf 86' lang='lat' dir='ltr'>Stephanum</span> <span class='ocrx_word' id='word_1_11' title='bbox 1034 557 1136 618; x_wconf 90' lang='lat' dir='ltr'>usque</span> <span class='ocrx_word' id='word_1_12' title='bbox 1170 538 1308 620; x_wconf 92' lang='lat' dir='ltr'>primum</span> <span class='ocrx_word' id='word_1_13' title='bbox 1340 536 1496 618; x_wconf 89' lang='lat' dir='ltr'>judicium</span> 
     </span>
     <span class='ocr_line' id='line_1_3' title="bbox 234 661 483 730; baseline -0.012 -19"><span class='ocrx_word' id='word_1_14' title='bbox 234 662 280 711; x_wconf 89' lang='lat' dir='ltr'>est</span> <span class='ocrx_word' id='word_1_15' title='bbox 303 661 483 730; x_wconf 83' lang='lat' dir='ltr'>prorogata.</span> 
     </span>
    </p>

    <p class='ocr_par' dir='ltr' id='par_1_3' title="bbox 237 747 1498 942">
     <span class='ocr_line' id='line_1_4' title="bbox 340 747 1498 832; baseline -0.004 -19"><span class='ocrx_word' id='word_1_16' title='bbox 340 753 416 814; x_wconf 89' lang='lat' dir='ltr'>Item</span> <span class='ocrx_word' id='word_1_17' title='bbox 443 753 561 815; x_wconf 89' lang='lat' dir='ltr'>Paulus</span> <span class='ocrx_word' id='word_1_18' title='bbox 584 766 698 815; x_wconf 88' lang='lat' dir='ltr'>octavo</span> <span class='ocrx_word' id='word_1_19' title='bbox 723 751 774 813; x_wconf 92' lang='lat' dir='ltr'>die</span> <span class='ocrx_word' id='word_1_20' title='bbox 799 750 887 812; x_wconf 86' lang='lat' dir='ltr'>solus</span> <span class='ocrx_word' id='word_1_21' title='bbox 915 768 1072 832; x_wconf 88' lang='lat' dir='ltr'>supereo</span> <span class='ocrx_word' id='word_1_22' title='bbox 1104 749 1232 830; x_wconf 87' lang='lat' dir='ltr'>jurabit,</span> <span class='ocrx_word' id='word_1_23' title='bbox 1256 747 1345 830; x_wconf 94' lang='lat' dir='ltr'>quod</span> <span class='ocrx_word' id='word_1_24' title='bbox 1370 747 1498 809; x_wconf 90' lang='lat' dir='ltr'>Samlar</span> 
     </span>
     <span class='ocr_line' id='line_1_5' title="bbox 237 854 1389 942; baseline -0.004 -21"><span class='ocrx_word' id='word_1_25' title='bbox 237 880 295 942; x_wconf 91' lang='lat' dir='ltr'>pro</span> <span class='ocrx_word' id='word_1_26' title='bbox 319 858 459 941; x_wconf 91' lang='lat' dir='ltr'>quadam</span> <span class='ocrx_word' id='word_1_27' title='bbox 483 878 635 920; x_wconf 78' lang='lat' dir='ltr'>crumena</span> <span class='ocrx_word' id='word_1_28' title='bbox 659 877 756 919; x_wconf 90' lang='lat' dir='ltr'>unam</span> <span class='ocrx_word' id='word_1_29' title='bbox 782 875 921 919; x_wconf 84' lang='lat' dir='ltr'>marcam</span> <span class='ocrx_word' id='word_1_30' title='bbox 946 856 1150 917; x_wconf 87' lang='lat' dir='ltr'>denariorum</span> <span class='ocrx_word' id='word_1_31' title='bbox 1169 874 1233 916; x_wconf 92' lang='lat' dir='ltr'>non</span> <span class='ocrx_word' id='word_1_32' title='bbox 1259 854 1389 936; x_wconf 91' lang='lat' dir='ltr'>recepit.</span> 
     </span>
    </p>

    <p class='ocr_par' dir='ltr' id='par_1_4' title="bbox 233 959 1496 1155">
     <span class='ocr_line' id='line_1_6' title="bbox 339 959 1496 1044; baseline -0.003 -18"><span class='ocrx_word' id='word_1_33' title='bbox 339 964 416 1026; x_wconf 83' lang='lat' dir='ltr'>Item</span> <span class='ocrx_word' id='word_1_34' title='bbox 442 965 595 1027; x_wconf 88' lang='lat' dir='ltr'>Nicolaus</span> <span class='ocrx_word' id='word_1_35' title='bbox 619 963 733 1025; x_wconf 91' lang='lat' dir='ltr'>Kouch</span> <span class='ocrx_word' id='word_1_36' title='bbox 757 977 871 1024; x_wconf 88' lang='lat' dir='ltr'>octavo</span> <span class='ocrx_word' id='word_1_37' title='bbox 888 962 939 1024; x_wconf 96' lang='lat' dir='ltr'>die</span> <span class='ocrx_word' id='word_1_38' title='bbox 964 962 1106 1024; x_wconf 87' lang='lat' dir='ltr'>secundo</span> <span class='ocrx_word' id='word_1_39' title='bbox 1127 981 1279 1044; x_wconf 84' lang='lat' dir='ltr'>sesuper</span> <span class='ocrx_word' id='word_1_40' title='bbox 1303 980 1342 1023; x_wconf 92' lang='lat' dir='ltr'>eo</span> <span class='ocrx_word' id='word_1_41' title='bbox 1366 959 1496 1040; x_wconf 90' lang='lat' dir='ltr'>jurabit,</span> 
     </span>
     <span class='ocr_line' id='line_1_7' title="bbox 233 1069 1001 1155; baseline -0.003 -22"><span class='ocrx_word' id='word_1_42' title='bbox 233 1072 322 1155; x_wconf 92' lang='lat' dir='ltr'>quod</span> <span class='ocrx_word' id='word_1_43' title='bbox 347 1072 414 1154; x_wconf 88' lang='lat' dir='ltr'>ipse</span> <span class='ocrx_word' id='word_1_44' title='bbox 439 1090 570 1133; x_wconf 84' lang='lat' dir='ltr'>uxorem</span> <span class='ocrx_word' id='word_1_45' title='bbox 598 1071 695 1133; x_wconf 90' lang='lat' dir='ltr'>Marci</span> <span class='ocrx_word' id='word_1_46' title='bbox 722 1089 786 1131; x_wconf 95' lang='lat' dir='ltr'>non</span> <span class='ocrx_word' id='word_1_47' title='bbox 812 1069 1001 1132; x_wconf 88' lang='lat' dir='ltr'>verberavit.</span> 
     </span>
    </p>

    <p class='ocr_par' dir='ltr' id='par_1_5' title="bbox 235 1171 1495 1368">
     <span class='ocr_line' id='line_1_8' title="bbox 341 1171 1495 1258; baseline -0.004 -20"><span class='ocrx_word' id='word_1_48' title='bbox 341 1178 419 1240; x_wconf 90' lang='lat' dir='ltr'>Item</span> <span class='ocrx_word' id='word_1_49' title='bbox 445 1177 563 1239; x_wconf 90' lang='lat' dir='ltr'>Paulus</span> <span class='ocrx_word' id='word_1_50' title='bbox 586 1189 675 1239; x_wconf 92' lang='lat' dir='ltr'>sutor</span> <span class='ocrx_word' id='word_1_51' title='bbox 700 1190 813 1238; x_wconf 90' lang='lat' dir='ltr'>octavo</span> <span class='ocrx_word' id='word_1_52' title='bbox 831 1175 883 1237; x_wconf 88' lang='lat' dir='ltr'>die</span> <span class='ocrx_word' id='word_1_53' title='bbox 903 1176 1002 1237; x_wconf 92' lang='lat' dir='ltr'>tercio</span> <span class='ocrx_word' id='word_1_54' title='bbox 1027 1195 1059 1238; x_wconf 88' lang='lat' dir='ltr'>se</span> <span class='ocrx_word' id='word_1_55' title='bbox 1084 1194 1236 1258; x_wconf 91' lang='lat' dir='ltr'>supereo</span> <span class='ocrx_word' id='word_1_56' title='bbox 1260 1172 1388 1254; x_wconf 88' lang='lat' dir='ltr'>jurabit,</span> <span class='ocrx_word' id='word_1_57' title='bbox 1406 1171 1495 1255; x_wconf 94' lang='lat' dir='ltr'>quod</span> 
     </span>
     <span class='ocr_line' id='line_1_9' title="bbox 235 1283 900 1368; baseline -0.003 -21"><span class='ocrx_word' id='word_1_58' title='bbox 235 1287 301 1368; x_wconf 88' lang='lat' dir='ltr'>ipse</span> <span class='ocrx_word' id='word_1_59' title='bbox 326 1285 448 1368; x_wconf 83' lang='lat' dir='ltr'>paIIum</span> <span class='ocrx_word' id='word_1_60' title='bbox 474 1283 572 1345; x_wconf 87' lang='lat' dir='ltr'>Lucie</span> <span class='ocrx_word' id='word_1_61' title='bbox 597 1303 661 1344; x_wconf 94' lang='lat' dir='ltr'>non</span> <span class='ocrx_word' id='word_1_62' title='bbox 686 1283 900 1345; x_wconf 77' lang='lat' dir='ltr'>subtraxisset.</span> 
     </span>
    </p>

    <p class='ocr_par' dir='ltr' id='par_1_6' title="bbox 235 1383 1496 1580">
     <span class='ocr_line' id='line_1_10' title="bbox 340 1383 1496 1470; baseline -0.004 -19"><span class='ocrx_word' id='word_1_63' title='bbox 340 1392 420 1453; x_wconf 91' lang='lat' dir='ltr'>Item</span> <span class='ocrx_word' id='word_1_64' title='bbox 444 1391 562 1452; x_wconf 88' lang='lat' dir='ltr'>Karrea</span> <span class='ocrx_word' id='word_1_65' title='bbox 582 1389 698 1452; x_wconf 93' lang='lat' dir='ltr'>mulier</span> <span class='ocrx_word' id='word_1_66' title='bbox 715 1403 828 1451; x_wconf 88' lang='lat' dir='ltr'>octavo</span> <span class='ocrx_word' id='word_1_67' title='bbox 853 1388 904 1450; x_wconf 91' lang='lat' dir='ltr'>die</span> <span class='ocrx_word' id='word_1_68' title='bbox 921 1389 1020 1450; x_wconf 90' lang='lat' dir='ltr'>tercio</span> <span class='ocrx_word' id='word_1_69' title='bbox 1036 1408 1070 1450; x_wconf 87' lang='lat' dir='ltr'>se</span> <span class='ocrx_word' id='word_1_70' title='bbox 1094 1407 1245 1470; x_wconf 84' lang='lat' dir='ltr'>supereo</span> <span class='ocrx_word' id='word_1_71' title='bbox 1263 1386 1388 1466; x_wconf 80' lang='lat' dir='ltr'>jurabit,</span> <span class='ocrx_word' id='word_1_72' title='bbox 1407 1383 1496 1467; x_wconf 93' lang='lat' dir='ltr'>quod</span> 
     </span>
     <span class='ocr_line' id='line_1_11' title="bbox 235 1495 1228 1580; baseline -0.002 -21"><span class='ocrx_word' id='word_1_73' title='bbox 235 1499 302 1580; x_wconf 90' lang='lat' dir='ltr'>ipsa</span> <span class='ocrx_word' id='word_1_74' title='bbox 326 1496 489 1579; x_wconf 90' lang='lat' dir='ltr'>quandam</span> <span class='ocrx_word' id='word_1_75' title='bbox 514 1498 642 1558; x_wconf 90' lang='lat' dir='ltr'>bursam</span> <span class='ocrx_word' id='word_1_76' title='bbox 667 1496 768 1558; x_wconf 88' lang='lat' dir='ltr'>Marte</span> <span class='ocrx_word' id='word_1_77' title='bbox 793 1495 936 1557; x_wconf 91' lang='lat' dir='ltr'>mulieris</span> <span class='ocrx_word' id='word_1_78' title='bbox 960 1514 1024 1556; x_wconf 94' lang='lat' dir='ltr'>non</span> <span class='ocrx_word' id='word_1_79' title='bbox 1050 1495 1228 1557; x_wconf 89' lang='lat' dir='ltr'>abcidisset.</span> 
     </span>
    </p>

    <p class='ocr_par' dir='ltr' id='par_1_7' title="bbox 236 1597 1496 1772">
     <span class='ocr_line' id='line_1_12' title="bbox 339 1597 1496 1685; baseline -0.005 -21"><span class='ocrx_word' id='word_1_80' title='bbox 339 1603 415 1664; x_wconf 91' lang='lat' dir='ltr'>Item</span> <span class='ocrx_word' id='word_1_81' title='bbox 432 1602 570 1685; x_wconf 82' lang='lat' dir='ltr'>Egidius</span> <span class='ocrx_word' id='word_1_82' title='bbox 594 1615 683 1664; x_wconf 88' lang='lat' dir='ltr'>sutor</span> <span class='ocrx_word' id='word_1_83' title='bbox 705 1601 805 1664; x_wconf 88' lang='lat' dir='ltr'>tercio</span> <span class='ocrx_word' id='word_1_84' title='bbox 829 1622 861 1662; x_wconf 92' lang='lat' dir='ltr'>se</span> <span class='ocrx_word' id='word_1_85' title='bbox 885 1621 981 1684; x_wconf 89' lang='lat' dir='ltr'>super</span> <span class='ocrx_word' id='word_1_86' title='bbox 997 1621 1036 1662; x_wconf 91' lang='lat' dir='ltr'>eo</span> <span class='ocrx_word' id='word_1_87' title='bbox 1059 1600 1187 1683; x_wconf 86' lang='lat' dir='ltr'>jurabit,</span> <span class='ocrx_word' id='word_1_88' title='bbox 1208 1601 1299 1683; x_wconf 49' lang='lat' dir='ltr'>¹quod</span> <span class='ocrx_word' id='word_1_89' title='bbox 1324 1599 1391 1682; x_wconf 85' lang='lat' dir='ltr'>ipse</span> <span class='ocrx_word' id='word_1_90' title='bbox 1416 1597 1496 1660; x_wconf 90' lang='lat' dir='ltr'>nihil</span> 
     </span>
     <span class='ocr_line' id='line_1_13' title="bbox 236 1708 698 1772; baseline 0.002 -2"><span class='ocrx_word' id='word_1_91' title='bbox 236 1710 337 1772; x_wconf 88' lang='lat' dir='ltr'>Paulo</span> <span class='ocrx_word' id='word_1_92' title='bbox 360 1710 460 1771; x_wconf 85' lang='lat' dir='ltr'>sutori</span> <span class='ocrx_word' id='word_1_93' title='bbox 483 1708 698 1772; x_wconf 81' lang='lat' dir='ltr'>subtraxisset.</span> 
     </span>
    </p>
   </div>
   <div class='ocr_carea' id='block_1_2' title="bbox 313 1927 1424 2018">
    <p class='ocr_par' dir='ltr' id='par_1_8' title="bbox 313 1927 1424 2018">
     <span class='ocr_line' id='line_1_14' title="bbox 313 1927 1424 2018; baseline -0.004 -17"><span class='ocrx_word' id='word_1_94' title='bbox 313 1927 409 2002; x_wconf 83' lang='lat' dir='ltr'>IerIa</span> <span class='ocrx_word' id='word_1_95' title='bbox 438 1937 536 2000; x_wconf 83' lang='lat' dir='ltr'>sexta</span> <span class='ocrx_word' id='word_1_96' title='bbox 564 1929 720 2018; x_wconf 86' lang='lat' dir='ltr'>proxima</span> <span class='ocrx_word' id='word_1_97' title='bbox 747 1936 823 2017; x_wconf 86' lang='lat' dir='ltr'>post</span> <span class='ocrx_word' id='word_1_98' title='bbox 852 1929 974 2000; x_wconf 81' lang='lat' dir='ltr'>festum</span> <span class='ocrx_word' id='word_1_99' title='bbox 1003 1931 1093 2000; x_wconf 85' lang='lat' dir='ltr'>beati</span> <span class='ocrx_word' id='word_1_100' title='bbox 1120 1928 1238 2018; x_wconf 85' lang='lat' dir='ltr'>Jacobi</span> <span class='ocrx_word' id='word_1_101' title='bbox 1267 1927 1424 2017; x_wconf 85' lang='lat' dir='ltr'>apostoli.</span> 
     </span>
    </p>
   </div>
   <div class='ocr_carea' id='block_1_3' title="bbox 236 2078 1496 2410">
    <p class='ocr_par' dir='ltr' id='par_1_9' title="bbox 236 2078 1496 2410">
     <span class='ocr_line' id='line_1_15' title="bbox 773 2078 960 2160; baseline 0.027 -21"><span class='ocrx_word' id='word_1_102' title='bbox 773 2078 839 2160; x_wconf 74' lang='lat'>(50.</span> <span class='ocrx_word' id='word_1_103' title='bbox 856 2081 960 2159; x_wconf 86' lang='lat' dir='ltr'>julii).</span> 
     </span>
     <span class='ocr_line' id='line_1_16' title="bbox 340 2222 1496 2304; baseline 0.001 -22"><span class='ocrx_word' id='word_1_104' title='bbox 340 2222 418 2283; x_wconf 90' lang='lat' dir='ltr'>Item</span> <span class='ocrx_word' id='word_1_105' title='bbox 452 2222 649 2284; x_wconf 89' lang='lat' dir='ltr'>Laurencius</span> <span class='ocrx_word' id='word_1_106' title='bbox 683 2235 772 2284; x_wconf 90' lang='lat' dir='ltr'>sutor</span> <span class='ocrx_word' id='word_1_107' title='bbox 805 2234 915 2284; x_wconf 88' lang='lat' dir='ltr'>contra</span> <span class='ocrx_word' id='word_1_108' title='bbox 951 2223 1107 2285; x_wconf 87' lang='lat' dir='ltr'>Iacobum</span> <span class='ocrx_word' id='word_1_109' title='bbox 1141 2223 1244 2304; x_wconf 80' lang='lat' dir='ltr'>prImo</span> <span class='ocrx_word' id='word_1_110' title='bbox 1285 2222 1399 2284; x_wconf 84' lang='lat' dir='ltr'>citatus</span> <span class='ocrx_word' id='word_1_111' title='bbox 1430 2241 1496 2283; x_wconf 93' lang='lat' dir='ltr'>non</span> 
     </span>
     <span class='ocr_line' id='line_1_17' title="bbox 236 2328 426 2410; baseline 0.005 -21"><span class='ocrx_word' id='word_1_112' title='bbox 236 2328 426 2410; x_wconf 88' lang='lat' dir='ltr'>comparuit.</span> 
     </span>
    </p>
   </div>
   <div class='ocr_carea' id='block_1_4' title="bbox 341 2433 1498 2623">
    <p class='ocr_par' dir='ltr' id='par_1_10' title="bbox 341 2433 1498 2623">
     <span class='ocr_line' id='line_1_18' title="bbox 343 2433 1498 2516; baseline 0.002 -22"><span class='ocrx_word' id='word_1_113' title='bbox 343 2434 419 2497; x_wconf 88' lang='lat' dir='ltr'>Item</span> <span class='ocrx_word' id='word_1_114' title='bbox 439 2434 585 2497; x_wconf 81' lang='lat' dir='ltr'>Andreas</span> <span class='ocrx_word' id='word_1_115' title='bbox 601 2448 711 2497; x_wconf 90' lang='lat' dir='ltr'>contra</span> <span class='ocrx_word' id='word_1_116' title='bbox 728 2433 921 2516; x_wconf 83' lang='lat' dir='ltr'>Gregorium</span> <span class='ocrx_word' id='word_1_117' title='bbox 938 2435 1080 2497; x_wconf 90' lang='lat' dir='ltr'>secundo</span> <span class='ocrx_word' id='word_1_118' title='bbox 1097 2435 1210 2496; x_wconf 89' lang='lat' dir='ltr'>citatus</span> <span class='ocrx_word' id='word_1_119' title='bbox 1227 2454 1290 2495; x_wconf 91' lang='lat' dir='ltr'>non</span> <span class='ocrx_word' id='word_1_120' title='bbox 1308 2433 1498 2516; x_wconf 88' lang='lat' dir='ltr'>comparuit.</span> 
     </span>
     <span class='ocr_line' id='line_1_19' title="bbox 341 2539 1406 2623; baseline 0.002 -21"><span class='ocrx_word' id='word_1_121' title='bbox 341 2541 419 2602; x_wconf 90' lang='lat' dir='ltr'>Item</span> <span class='ocrx_word' id='word_1_122' title='bbox 446 2540 581 2602; x_wconf 91' lang='lat' dir='ltr'>Michael</span> <span class='ocrx_word' id='word_1_123' title='bbox 606 2553 715 2603; x_wconf 90' lang='lat' dir='ltr'>contra</span> <span class='ocrx_word' id='word_1_124' title='bbox 740 2539 832 2603; x_wconf 86' lang='lat' dir='ltr'>Cifus</span> <span class='ocrx_word' id='word_1_125' title='bbox 856 2541 960 2622; x_wconf 91' lang='lat' dir='ltr'>primo</span> <span class='ocrx_word' id='word_1_126' title='bbox 992 2541 1104 2602; x_wconf 90' lang='lat' dir='ltr'>citatus</span> <span class='ocrx_word' id='word_1_127' title='bbox 1128 2560 1192 2601; x_wconf 92' lang='lat' dir='ltr'>non</span> <span class='ocrx_word' id='word_1_128' title='bbox 1217 2541 1406 2623; x_wconf 86' lang='lat' dir='ltr'>comparuit.</span> 
     </span>
    </p>
   </div>
   <div class='ocr_carea' id='block_1_5' title="bbox 237 2647 1500 2922">
    <p class='ocr_par' dir='ltr' id='par_1_11' title="bbox 237 2647 1500 2922">
     <span class='ocr_line' id='line_1_20' title="bbox 342 2647 1497 2729; baseline 0 -23"><span class='ocrx_word' id='word_1_129' title='bbox 342 2647 419 2709; x_wconf 86' lang='lat' dir='ltr'>Item</span> <span class='ocrx_word' id='word_1_130' title='bbox 452 2647 564 2709; x_wconf 85' lang='lat' dir='ltr'>Petrus</span> <span class='ocrx_word' id='word_1_131' title='bbox 593 2647 753 2729; x_wconf 82' lang='lat' dir='ltr'>gladiator</span> <span class='ocrx_word' id='word_1_132' title='bbox 784 2659 894 2709; x_wconf 90' lang='lat' dir='ltr'>contra</span> <span class='ocrx_word' id='word_1_133' title='bbox 927 2647 1089 2708; x_wconf 89' lang='lat' dir='ltr'>Thomam</span> <span class='ocrx_word' id='word_1_134' title='bbox 1125 2647 1230 2728; x_wconf 89' lang='lat' dir='ltr'>primo</span> <span class='ocrx_word' id='word_1_135' title='bbox 1271 2647 1385 2708; x_wconf 90' lang='lat' dir='ltr'>citatus</span> <span class='ocrx_word' id='word_1_136' title='bbox 1432 2665 1497 2706; x_wconf 93' lang='lat' dir='ltr'>non</span> 
     </span>
     <span class='ocr_line' id='line_1_21' title="bbox 237 2745 1409 2835; baseline -0.003 -21"><span class='ocrx_word' id='word_1_137' title='bbox 237 2753 427 2835; x_wconf 88' lang='lat' dir='ltr'>comparuit.</span> <span class='ocrx_word' id='word_1_138' title='bbox 1405 2745 1409 2751; x_wconf 79' lang='grc'><strong>’</strong></span> 
     </span>
     <span class='ocr_line' id='line_1_22' title="bbox 343 2858 1500 2922; baseline 0.001 -3"><span class='ocrx_word' id='word_1_139' title='bbox 343 2858 421 2920; x_wconf 89' lang='lat' dir='ltr'>Item</span> <span class='ocrx_word' id='word_1_140' title='bbox 446 2858 630 2921; x_wconf 85' lang='lat' dir='ltr'>Anthonius</span> <span class='ocrx_word' id='word_1_141' title='bbox 664 2859 787 2922; x_wconf 86' lang='lat' dir='ltr'>Iursich</span> <span class='ocrx_word' id='word_1_142' title='bbox 820 2873 931 2921; x_wconf 92' lang='lat' dir='ltr'>contra</span> <span class='ocrx_word' id='word_1_143' title='bbox 955 2860 1084 2921; x_wconf 88' lang='lat' dir='ltr'>Petrum</span> <span class='ocrx_word' id='word_1_144' title='bbox 1116 2860 1275 2921; x_wconf 88' lang='lat' dir='ltr'>literatum</span> <span class='ocrx_word' id='word_1_145' title='bbox 1308 2858 1500 2921; x_wconf 91' lang='lat' dir='ltr'>secundario</span> 
     </span>
    </p>
   </div>
   <div class='ocr_carea' id='block_1_6' title="bbox 237 2966 1498 3790">
    <p class='ocr_par' dir='ltr' id='par_1_12' title="bbox 238 2966 656 3048">
     <span class='ocr_line' id='line_1_23' title="bbox 238 2966 656 3048; baseline 0 -21"><span class='ocrx_word' id='word_1_146' title='bbox 238 2966 353 3027; x_wconf 90' lang='lat' dir='ltr'>citatus</span> <span class='ocrx_word' id='word_1_147' title='bbox 377 2985 442 3026; x_wconf 95' lang='lat' dir='ltr'>non</span> <span class='ocrx_word' id='word_1_148' title='bbox 467 2966 656 3048; x_wconf 91' lang='lat' dir='ltr'>comparuit.</span> 
     </span>
    </p>

    <p class='ocr_par' dir='ltr' id='par_1_13' title="bbox 237 3071 1497 3259">
     <span class='ocr_line' id='line_1_24' title="bbox 342 3071 1497 3136; baseline 0.003 -5"><span class='ocrx_word' id='word_1_149' title='bbox 342 3071 420 3133; x_wconf 90' lang='lat' dir='ltr'>Item</span> <span class='ocrx_word' id='word_1_150' title='bbox 446 3071 556 3133; x_wconf 86' lang='lat' dir='ltr'>Petrus</span> <span class='ocrx_word' id='word_1_151' title='bbox 581 3071 680 3133; x_wconf 91' lang='lat' dir='ltr'>decan</span> <span class='ocrx_word' id='word_1_152' title='bbox 704 3086 814 3134; x_wconf 92' lang='lat' dir='ltr'>contra</span> <span class='ocrx_word' id='word_1_153' title='bbox 839 3073 1046 3136; x_wconf 88' lang='lat' dir='ltr'>Dominicum</span> <span class='ocrx_word' id='word_1_154' title='bbox 1071 3073 1260 3135; x_wconf 91' lang='lat' dir='ltr'>secundario</span> <span class='ocrx_word' id='word_1_155' title='bbox 1286 3074 1400 3136; x_wconf 90' lang='lat' dir='ltr'>citatus</span> <span class='ocrx_word' id='word_1_156' title='bbox 1433 3092 1497 3135; x_wconf 92' lang='lat' dir='ltr'>non</span> 
     </span>
     <span class='ocr_line' id='line_1_25' title="bbox 237 3177 1305 3259; baseline 0.002 -20"><span class='ocrx_word' id='word_1_157' title='bbox 237 3177 426 3259; x_wconf 86' lang='lat' dir='ltr'>comparuit.</span> <span class='ocrx_word' id='word_1_158' title='bbox 1301 3242 1305 3249; x_wconf 83' lang='grc'><strong>,</strong></span> 
     </span>
    </p>

    <p class='ocr_par' dir='ltr' id='par_1_14' title="bbox 343 3282 1496 3370">
     <span class='ocr_line' id='line_1_26' title="bbox 343 3282 1496 3370; baseline 0.006 -28"><span class='ocrx_word' id='word_1_159' title='bbox 343 3283 421 3345; x_wconf 90' lang='lat' dir='ltr'>Item</span> <span class='ocrx_word' id='word_1_160' title='bbox 447 3282 644 3362; x_wconf 84' lang='lat' dir='ltr'>Dragozlaus</span> <span class='ocrx_word' id='word_1_161' title='bbox 668 3297 777 3344; x_wconf 90' lang='lat' dir='ltr'>contra</span> <span class='ocrx_word' id='word_1_162' title='bbox 802 3284 930 3346; x_wconf 90' lang='lat' dir='ltr'>Petrum</span> <span class='ocrx_word' id='word_1_163' title='bbox 956 3287 1060 3368; x_wconf 85' lang='lat' dir='ltr'>prImo</span> <span class='ocrx_word' id='word_1_164' title='bbox 1077 3287 1190 3348; x_wconf 90' lang='lat' dir='ltr'>citatus</span> <span class='ocrx_word' id='word_1_165' title='bbox 1215 3307 1278 3349; x_wconf 95' lang='lat' dir='ltr'>non</span> <span class='ocrx_word' id='word_1_166' title='bbox 1307 3287 1496 3370; x_wconf 89' lang='lat' dir='ltr'>comparuit.</span> 
     </span>
    </p>

    <p class='ocr_par' dir='ltr' id='par_1_15' title="bbox 239 3388 1498 3578">
     <span class='ocr_line' id='line_1_27' title="bbox 343 3388 1498 3476; baseline 0.003 -25"><span class='ocrx_word' id='word_1_167' title='bbox 343 3391 420 3451; x_wconf 90' lang='lat' dir='ltr'>Item</span> <span class='ocrx_word' id='word_1_168' title='bbox 452 3409 547 3450; x_wconf 89' lang='lat' dir='ltr'>causa</span> <span class='ocrx_word' id='word_1_169' title='bbox 579 3388 728 3470; x_wconf 88' lang='lat' dir='ltr'>Gregorii</span> <span class='ocrx_word' id='word_1_170' title='bbox 762 3404 871 3453; x_wconf 91' lang='lat' dir='ltr'>contra</span> <span class='ocrx_word' id='word_1_171' title='bbox 902 3391 1082 3455; x_wconf 83' lang='lat' dir='ltr'>Iohannem</span> <span class='ocrx_word' id='word_1_172' title='bbox 1115 3394 1258 3476; x_wconf 83' lang='lat' dir='ltr'>Zagorch</span> <span class='ocrx_word' id='word_1_173' title='bbox 1291 3413 1392 3476; x_wconf 91' lang='lat' dir='ltr'>usque</span> <span class='ocrx_word' id='word_1_174' title='bbox 1424 3406 1498 3456; x_wconf 92' lang='lat' dir='ltr'>octo</span> 
     </span>
     <span class='ocr_line' id='line_1_28' title="bbox 239 3497 737 3578; baseline -0.002 -19"><span class='ocrx_word' id='word_1_175' title='bbox 239 3498 307 3559; x_wconf 91' lang='lat' dir='ltr'>dies</span> <span class='ocrx_word' id='word_1_176' title='bbox 330 3497 370 3558; x_wconf 91' lang='lat' dir='ltr'>ad</span> <span class='ocrx_word' id='word_1_177' title='bbox 396 3515 507 3578; x_wconf 90' lang='lat' dir='ltr'>pacem</span> <span class='ocrx_word' id='word_1_178' title='bbox 532 3509 578 3557; x_wconf 90' lang='lat' dir='ltr'>est</span> <span class='ocrx_word' id='word_1_179' title='bbox 601 3510 737 3578; x_wconf 91' lang='lat' dir='ltr'>recepta.</span> 
     </span>
    </p>

    <p class='ocr_par' dir='ltr' id='par_1_16' title="bbox 240 3602 1498 3790">
     <span class='ocr_line' id='line_1_29' title="bbox 344 3602 1498 3689; baseline 0.005 -26"><span class='ocrx_word' id='word_1_180' title='bbox 344 3603 421 3664; x_wconf 87' lang='lat' dir='ltr'>Item</span> <span class='ocrx_word' id='word_1_181' title='bbox 454 3621 547 3664; x_wconf 87' lang='lat' dir='ltr'>causa</span> <span class='ocrx_word' id='word_1_182' title='bbox 580 3602 664 3664; x_wconf 91' lang='lat' dir='ltr'>Petri</span> <span class='ocrx_word' id='word_1_183' title='bbox 696 3617 804 3666; x_wconf 91' lang='lat' dir='ltr'>contra</span> <span class='ocrx_word' id='word_1_184' title='bbox 836 3604 960 3667; x_wconf 88' lang='lat' dir='ltr'>Jursich</span> <span class='ocrx_word' id='word_1_185' title='bbox 992 3626 1092 3687; x_wconf 88' lang='lat' dir='ltr'>usque</span> <span class='ocrx_word' id='word_1_186' title='bbox 1124 3621 1198 3669; x_wconf 93' lang='lat' dir='ltr'>octo</span> <span class='ocrx_word' id='word_1_187' title='bbox 1230 3607 1298 3670; x_wconf 90' lang='lat' dir='ltr'>dies</span> <span class='ocrx_word' id='word_1_188' title='bbox 1322 3607 1362 3668; x_wconf 91' lang='lat' dir='ltr'>ad</span> <span class='ocrx_word' id='word_1_189' title='bbox 1387 3627 1498 3689; x_wconf 91' lang='lat' dir='ltr'>pacem</span> 
     </span>
     <span class='ocr_line' id='line_1_30' title="bbox 240 3721 446 3790; baseline 0.01 -22"><span class='ocrx_word' id='word_1_190' title='bbox 240 3721 286 3770; x_wconf 90' lang='lat' dir='ltr'>est</span> <span class='ocrx_word' id='word_1_191' title='bbox 311 3721 446 3790; x_wconf 90' lang='lat' dir='ltr'>recepta.</span> 
     </span>
    </p>
   </div>
   <div class='ocr_carea' id='block_1_7' title="bbox 240 3814 1498 4003">
    <p class='ocr_par' dir='ltr' id='par_1_17' title="bbox 240 3814 1498 4003">
     <span class='ocr_line' id='line_1_31' title="bbox 347 3814 1498 3903; baseline 0.007 -29"><span class='ocrx_word' id='word_1_192' title='bbox 347 3814 426 3876; x_wconf 90' lang='lat' dir='ltr'>Item</span> <span class='ocrx_word' id='word_1_193' title='bbox 451 3815 627 3895; x_wconf 82' lang='lat' dir='ltr'>Agustinus</span> <span class='ocrx_word' id='word_1_194' title='bbox 643 3816 791 3877; x_wconf 87' lang='lat' dir='ltr'>sacerdos</span> <span class='ocrx_word' id='word_1_195' title='bbox 814 3832 922 3880; x_wconf 91' lang='lat' dir='ltr'>contra</span> <span class='ocrx_word' id='word_1_196' title='bbox 941 3819 1151 3882; x_wconf 90' lang='lat' dir='ltr'>Benedictum</span> <span class='ocrx_word' id='word_1_197' title='bbox 1169 3822 1273 3903; x_wconf 92' lang='lat' dir='ltr'>primo</span> <span class='ocrx_word' id='word_1_198' title='bbox 1298 3822 1411 3884; x_wconf 90' lang='lat' dir='ltr'>citatus</span> <span class='ocrx_word' id='word_1_199' title='bbox 1434 3841 1498 3883; x_wconf 94' lang='lat' dir='ltr'>non</span> 
     </span>
     <span class='ocr_line' id='line_1_32' title="bbox 240 3920 428 4003; baseline 0.005 -22"><span class='ocrx_word' id='word_1_200' title='bbox 240 3920 428 4003; x_wconf 90' lang='lat' dir='ltr'>comparuit.</span> 
     </span>
    </p>
   </div>
   <div class='ocr_carea' id='block_1_8' title="bbox 242 4026 1499 4215">
    <p class='ocr_par' dir='ltr' id='par_1_18' title="bbox 242 4026 1499 4215">
     <span class='ocr_line' id='line_1_33' title="bbox 345 4026 1499 4115; baseline 0.007 -28"><span class='ocrx_word' id='word_1_201' title='bbox 345 4028 424 4088; x_wconf 90' lang='lat' dir='ltr'>Item</span> <span class='ocrx_word' id='word_1_202' title='bbox 449 4026 629 4109; x_wconf 88' lang='lat' dir='ltr'>Stephanus</span> <span class='ocrx_word' id='word_1_203' title='bbox 646 4029 771 4091; x_wconf 89' lang='lat' dir='ltr'>Fernak</span> <span class='ocrx_word' id='word_1_204' title='bbox 794 4045 905 4093; x_wconf 90' lang='lat' dir='ltr'>contra</span> <span class='ocrx_word' id='word_1_205' title='bbox 923 4031 1047 4094; x_wconf 90' lang='lat' dir='ltr'>Jursich</span> <span class='ocrx_word' id='word_1_206' title='bbox 1063 4033 1168 4115; x_wconf 83' lang='lat' dir='ltr'>prImo</span> <span class='ocrx_word' id='word_1_207' title='bbox 1190 4034 1305 4096; x_wconf 88' lang='lat' dir='ltr'>citatus</span> <span class='ocrx_word' id='word_1_208' title='bbox 1329 4053 1393 4095; x_wconf 93' lang='lat' dir='ltr'>non</span> <span class='ocrx_word' id='word_1_209' title='bbox 1412 4053 1499 4095; x_wconf 90' lang='lat' dir='ltr'>cotu-</span> 
     </span>
     <span class='ocr_line' id='line_1_34' title="bbox 242 4147 357 4215; baseline -0.009 -20"><span class='ocrx_word' id='word_1_210' title='bbox 242 4147 357 4215; x_wconf 80' lang='lat' dir='ltr'>paruit.</span> 
     </span>
    </p>
   </div>
   <div class='ocr_carea' id='block_1_9' title="bbox 240 4239 1500 4427">
    <p class='ocr_par' dir='ltr' id='par_1_19' title="bbox 240 4239 1500 4427">
     <span class='ocr_line' id='line_1_35' title="bbox 349 4239 1500 4328; baseline 0.01 -28"><span class='ocrx_word' id='word_1_211' title='bbox 349 4239 426 4301; x_wconf 91' lang='lat' dir='ltr'>Item</span> <span class='ocrx_word' id='word_1_212' title='bbox 458 4260 552 4302; x_wconf 89' lang='lat' dir='ltr'>causa</span> <span class='ocrx_word' id='word_1_213' title='bbox 585 4242 747 4304; x_wconf 88' lang='lat' dir='ltr'>Kuskonis</span> <span class='ocrx_word' id='word_1_214' title='bbox 781 4258 891 4307; x_wconf 88' lang='lat' dir='ltr'>contra</span> <span class='ocrx_word' id='word_1_215' title='bbox 925 4245 1096 4307; x_wconf 90' lang='lat' dir='ltr'>Lucasium</span> <span class='ocrx_word' id='word_1_216' title='bbox 1128 4265 1229 4328; x_wconf 85' lang='lat' dir='ltr'>usque</span> <span class='ocrx_word' id='word_1_217' title='bbox 1262 4262 1336 4310; x_wconf 94' lang='lat' dir='ltr'>octo</span> <span class='ocrx_word' id='word_1_218' title='bbox 1361 4249 1429 4311; x_wconf 88' lang='lat' dir='ltr'>dies</span> <span class='ocrx_word' id='word_1_219' title='bbox 1453 4249 1500 4311; x_wconf 74' lang='lat' dir='ltr'>,ad</span> 
     </span>
     <span class='ocr_line' id='line_1_36' title="bbox 240 4357 583 4427; baseline 0.006 -21"><span class='ocrx_word' id='word_1_220' title='bbox 240 4364 352 4427; x_wconf 87' lang='lat' dir='ltr'>pacem</span> <span class='ocrx_word' id='word_1_221' title='bbox 378 4357 425 4407; x_wconf 89' lang='lat' dir='ltr'>est</span> <span class='ocrx_word' id='word_1_222' title='bbox 448 4361 583 4426; x_wconf 90' lang='lat' dir='ltr'>recepta.</span> 
     </span>
    </p>
   </div>
   <div class='ocr_carea' id='block_1_10' title="bbox 241 4451 1498 4639">
    <p class='ocr_par' dir='ltr' id='par_1_20' title="bbox 241 4451 1498 4639">
     <span class='ocr_line' id='line_1_37' title="bbox 348 4451 1498 4543; baseline 0.01 -32"><span class='ocrx_word' id='word_1_223' title='bbox 348 4451 424 4512; x_wconf 91' lang='lat' dir='ltr'>Item</span> <span class='ocrx_word' id='word_1_224' title='bbox 457 4472 551 4514; x_wconf 88' lang='lat' dir='ltr'>causa</span> <span class='ocrx_word' id='word_1_225' title='bbox 582 4454 723 4516; x_wconf 84' lang='lat' dir='ltr'>Simonis</span> <span class='ocrx_word' id='word_1_226' title='bbox 755 4469 863 4517; x_wconf 93' lang='lat' dir='ltr'>contra</span> <span class='ocrx_word' id='word_1_227' title='bbox 897 4457 952 4518; x_wconf 89' lang='lat' dir='ltr'>Sib</span> <span class='ocrx_word' id='word_1_228' title='bbox 985 4478 1085 4539; x_wconf 90' lang='lat' dir='ltr'>usque</span> <span class='ocrx_word' id='word_1_229' title='bbox 1118 4473 1190 4520; x_wconf 91' lang='lat' dir='ltr'>octo</span> <span class='ocrx_word' id='word_1_230' title='bbox 1223 4459 1291 4521; x_wconf 83' lang='lat' dir='ltr'>dies</span> <span class='ocrx_word' id='word_1_231' title='bbox 1322 4460 1361 4522; x_wconf 93' lang='lat' dir='ltr'>ad</span> <span class='ocrx_word' id='word_1_232' title='bbox 1386 4480 1498 4543; x_wconf 87' lang='lat' dir='ltr'>pacem</span> 
     </span>
     <span class='ocr_line' id='line_1_38' title="bbox 241 4568 453 4639; baseline 0.019 -23"><span class='ocrx_word' id='word_1_233' title='bbox 241 4568 288 4617; x_wconf 86' lang='lat' dir='ltr'>est</span> <span class='ocrx_word' id='word_1_234' title='bbox 315 4570 453 4639; x_wconf 89' lang='lat' dir='ltr'>recepta.</span> 
     </span>
    </p>
   </div>
   <div class='ocr_carea' id='block_1_11' title="bbox 240 4661 1502 4832">
    <p class='ocr_par' dir='ltr' id='par_1_21' title="bbox 240 4661 1502 4832">
     <span class='ocr_line' id='line_1_39' title="bbox 347 4661 1502 4753; baseline 0.012 -30"><span class='ocrx_word' id='word_1_235' title='bbox 347 4661 424 4724; x_wconf 89' lang='lat' dir='ltr'>Item</span> <span class='ocrx_word' id='word_1_236' title='bbox 456 4664 628 4748; x_wconf 83' lang='lat' dir='ltr'>Dragonya</span> <span class='ocrx_word' id='word_1_237' title='bbox 660 4679 748 4729; x_wconf 90' lang='lat' dir='ltr'>sutor</span> <span class='ocrx_word' id='word_1_238' title='bbox 780 4668 927 4730; x_wconf 89' lang='lat' dir='ltr'>Dionisio</span> <span class='ocrx_word' id='word_1_239' title='bbox 959 4689 1059 4751; x_wconf 88' lang='lat' dir='ltr'>usque</span> <span class='ocrx_word' id='word_1_240' title='bbox 1092 4671 1272 4753; x_wconf 90' lang='lat' dir='ltr'>quindenas</span> <span class='ocrx_word' id='word_1_241' title='bbox 1302 4694 1356 4736; x_wconf 85' lang='lat' dir='ltr'>sex</span> <span class='ocrx_word' id='word_1_242' title='bbox 1381 4693 1502 4737; x_wconf 90' lang='lat' dir='ltr'>marcas</span> 
     </span>
     <span class='ocr_line' id='line_1_40' title="bbox 240 4765 494 4832; baseline 0.012 -3"><span class='ocrx_word' id='word_1_243' title='bbox 240 4765 364 4829; x_wconf 86' lang='lat' dir='ltr'>solvere</span> <span class='ocrx_word' id='word_1_244' title='bbox 389 4767 494 4832; x_wconf 88' lang='lat' dir='ltr'>debet.</span> 
     </span>
    </p>
   </div>
   <div class='ocr_carea' id='block_1_12' title="bbox 0 0 1748 5234">
    <p class='ocr_par' dir='ltr' id='par_1_22' title="bbox 0 0 1748 5234">
     <span class='ocr_line' id='line_1_41' title="bbox 0 0 1748 5234; baseline 0 0"><span class='ocrx_word' id='word_1_245' title='bbox 0 0 1748 5234; x_wconf 95' lang='lat' dir='ltr'> </span> 
     </span>
    </p>
   </div>
  </div>
 </body>
</html>
