3472 5234
626 315 712 373 Anno
736 312 824 391 1376.
852 348 890 358 -
916 329 964 375 12.
988 317 1114 388 augusti.
1461 336 1498 395 55

756 421 973 428 ..--—..-—.-—

346 525 425 588 Item
448 526 551 590 Cursa
567 525 805 589 molendInator
821 539 932 592 contra
954 525 1116 589 Vidonem
1133 526 1275 589 secundo
1298 527 1411 589 citatus
1434 547 1500 590 non

241 633 430 716 comparuit.

345 738 422 802 Item
447 737 577 800 Lachlto
601 751 710 801 contra
726 737 901 822 parlerium
924 738 1057 802 ecclesie
1081 738 1181 801 sancti
1197 739 1297 800 Marci
1320 738 1425 821 primo
1458 738 1501 800 ci·

239 858 322 908 tatus
352 865 419 908 non
443 845 633 928 comparuit.

344 951 421 1013 Item
447 970 542 1013 causa
566 951 671 1013 Fortis
694 965 725 1013 et
749 951 915 1014 Benedicti
948 951 1131 1014 Mosnarich
1155 965 1202 1014 est
1224 971 1282 1035 per
1305 951 1446 1033 judicem
1470 965 1501 1014 et

238 1057 358 1140 juratos
381 1058 422 1120 ad
445 1055 558 1119 seriam
581 1056 712 1120 terciam
736 1076 821 1119 nunc
844 1058 1017 1121 instantem
1040 1072 1222 1140 prorogata.

317 1291 414 1367 Faria
442 1297 549 1367 tercii
576 1297 731 1384 proxima
760 1301 838 1367 ante
869 1296 992 1368 festum
1020 1293 1277 1386 Assumpcionis
1306 1297 1420 1368 IIarie.

754 1462 819 1545 (12.
843 1465 986 1548 auguste).

342 1623 451 1686 PrImo
476 1623 657 1706 Stephanus
673 1629 769 1687 frater
792 1624 949 1686 Iohannis
964 1625 1066 1687 Vasos
1090 1638 1200 1687 contra
1225 1624 1391 1686 Vrbanum
1416 1642 1498 1686 mer-

238 1728 400 1791 cenarium
425 1728 557 1792 domine
581 1730 705 1812 RegIne
729 1731 834 1808 primo
858 1731 972 1793 citatus
1001 1750 1066 1793 non
1091 1730 1280 1813 comparuit.

344 1853 421 1914 Item
437 1851 582 1915 Geninus
598 1868 708 1916 contra
725 1874 858 1916 uxorem
875 1852 970 1916 Mafie
983 1855 1088 1937 primo
1101 1855 1214 1917 citatus
1227 1874 1293 1916 non
1310 1855 1498 1936 comparuit.

341 1958 419 2021 Item
444 1978 538 2022 causa
563 1959 672 2022 Sibich
696 1974 727 2021 et
747 1959 920 2043 Dragonye
944 1973 991 2022 est
1014 1981 1071 2044 per
1086 1974 1181 2022 testes
1204 1960 1245 2022 ad
1269 1973 1342 2023 octo
1367 1959 1435 2021 dies
1450 1980 1498 2022 re·

236 2078 325 2148 repta
348 2065 389 2127 ad
412 2084 535 2147 pacem.

343 2173 421 2234 Item
445 2171 522 2234 Iuan
546 2172 684 2235 condam
707 2192 804 2256 preco
836 2186 945 2235 contra
978 2171 1158 2235 Iohannem
1181 2170 1369 2234 chhinich
1392 2171 1498 2255 primo

236 2278 349 2341 citatus
373 2298 438 2341 non
464 2280 653 2362 comparuit.

341 2384 419 2447 Item
444 2405 538 2448 causa
571 2387 657 2448 Luce
694 2399 724 2448 et
755 2386 922 2447 cuiusdam
955 2384 1096 2447 hominis
1120 2397 1167 2447 est
1197 2384 1238 2446 ad
1261 2395 1335 2447 octo
1359 2383 1427 2445 dies
1450 2403 1497 2446 re·

236 2503 326 2573 cepta
350 2490 391 2552 ad
414 2510 538 2574 pacem.

340 2598 418 2660 Item
443 2599 594 2679 magister
617 2598 762 2660 Francha
794 2596 954 2660 aurifaber
978 2611 1093 2659 octavo
1118 2597 1169 2658 die
1193 2595 1311 2677 jurabit
1335 2596 1403 2659 sola
1427 2616 1497 2679 per-

234 2724 312 2766 sona
336 2704 423 2766 iuxta
445 2716 673 2766 testamentum
697 2704 829 2766 domine
853 2704 950 2765 luane
974 2723 1029 2764 sue
1054 2721 1191 2764 noverce
1215 2721 1310 2784 super
1334 2722 1384 2781 eo,
1408 2703 1498 2784 quod

235 2795 384 2872 Thomas'
403 2809 488 2871 filius
511 2810 671 2893 Damyani
696 2809 802 2871 eidem
819 2809 916 2870 Iuane
939 2830 994 2871 sex
1019 2807 1090 2871 flor.
1113 2821 1144 2869 et
1159 2808 1323 2888 sexaginta
1347 2807 1496 2870 denarios

233 2935 299 2978 non
317 2915 516 2998 persolverit,
534 2916 652 2997 quibus
663 2917 722 2977 sibi
740 2917 920 2994 tenebatur,
935 2928 1032 2998 prout
1045 2915 1077 2976 in
1094 2927 1287 2977 testamento
1304 2915 1495 2978 continetur.

339 3040 415 3102 Item
441 3059 534 3103 causa
559 3039 712 3122 Stephani
745 3039 800 3101 filii
824 3039 944 3101 Rodini
969 3054 1000 3102 et
1025 3038 1178 3122 Gyurgek
1210 3058 1246 3100 ac
1270 3038 1414 3101 Franche
1447 3053 1516 3123 est¹

232 3166 289 3229 per
311 3145 433 3228 judIces
455 3146 495 3207 ad
519 3145 698 3228 quindenas
722 3145 787 3228 (ad)
811 3145 986 3207 videndum
1010 3157 1236 3207 testamentum
1257 3160 1438 3227 prorogata.

338 3251 416 3314 Item
441 3251 572 3334 Mathya
596 3250 755 3314 aurifaber
779 3265 888 3314 contra
905 3251 992 3334 Span
1015 3250 1157 3313 secundo
1180 3251 1294 3313 citatus
1317 3271 1382 3314 non
1407 3271 1495 3314 com·

233 3358 348 3441 paruit.

338 3463 418 3526 Item
441 3483 535 3526 causa
558 3465 694 3526 Vidonis
717 3477 748 3526 et
765 3462 919 3547 Stephani
943 3477 990 3527 est
1013 3477 1184 3547 prorogata
1207 3484 1224 3526 a
1248 3462 1326 3525 feria
1351 3476 1437 3526 sexta
1454 3463 1494 3526 ad

233 3568 343 3630 feriam
368 3583 499 3632 sextam.

337 3675 415 3737 Item
440 3675 542 3739 Cursa
571 3677 809 3739 molendinator
841 3689 955 3739 octavo
979 3677 1031 3738 die
1065 3677 1211 3739 atestabit
1234 3697 1291 3760 per
1315 3676 1494 3739 Iohannem

232 3783 363 3865 vIgilem
388 3795 418 3845 et
431 3781 534 3844 hlium
552 3785 671 3866 Loytra
695 3802 790 3865 super
807 3802 857 3862 ee,
880 3783 969 3864 quod
994 3784 1061 3865 ipse
1077 3782 1220 3845 secundo
1237 3782 1289 3844 die
1314 3781 1385 3845 festi
1402 3784 1493 3845 beate

232 3888 432 3970 Margarethe
467 3889 600 3970 virginis
635 3889 813 3952 Laurencio
853 3889 962 3951 villico
998 3888 1038 3951 de
1070 3889 1155 3970 Vgra
1186 3901 1315 3950 centum
1346 3888 1494 3951 denarios

232 3995 425 4057 exsolvisset.

338 4102 415 4164 Item
440 4122 534 4165 causa
560 4101 714 4164 Iohannis
739 4102 854 4165 Lieber
878 4115 910 4164 et
927 4100 1036 4164 Sibich
1059 4115 1105 4163 est
1128 4121 1184 4184 per
1206 4100 1328 4183 judices
1352 4101 1393 4162 ad
1420 4114 1493 4163 octo

232 4208 298 4271 dies
322 4223 492 4291 prorogata
517 4209 557 4271 ad
581 4228 703 4291 pacem.

336 4314 414 4376 Item
438 4334 532 4376 causa
557 4314 727 4396 Dragozlai
753 4328 783 4377 et
807 4313 937 4377 MartIni
970 4328 1016 4377 est
1038 4334 1095 4398 per
1118 4313 1299 4375 Iohannem
1323 4312 1439 4374 Lieber
1463 4326 1493 4374 et

233 4418 409 4502 Georgium
433 4418 538 4482 filium
562 4421 706 4483 Herman
734 4421 774 4482 ad
799 4435 871 4482 octo
896 4421 965 4482 dies
989 4434 1116 4502 recepta
1140 4419 1181 4481 ad
1204 4438 1326 4502 pacem.

337 4543 414 4605 Item
439 4564 533 4606 causa
552 4543 682 4626 Georgii
701 4543 830 4607 sartoris
854 4558 884 4606 et
902 4545 1049 4626 Gregorii
1069 4543 1206 4626 proximi
1223 4542 1366 4604 eiusdem
1384 4556 1493 4604 contra

231 4649 396 4713 dominam
420 4652 577 4732 Reginam
602 4666 647 4712 est
678 4672 734 4734 per
757 4650 878 4732 judices
909 4651 948 4712 ad
973 4650 1152 4732 quindenas
1183 4663 1352 4732 prorogata
1377 4648 1416 4710 ad
1442 4668 1489 4710 re·

230 4755 467 4839 spondendum.
