3472 5234
347 509 424 571 Item
449 511 537 593 quod
562 511 638 593 quia
662 511 844 573 Demetrius
861 530 916 592 per
939 525 1035 573 testes
1058 510 1203 574 efficaces
1220 513 1252 573 id
1269 515 1502 596 comprobavit,

241 615 330 698 quod
355 617 459 678 Borka
484 616 600 679 mulier
624 618 728 700 ipsum
754 616 793 679 ad
818 617 1022 680 medietatem
1048 631 1113 679 tam
1137 617 1308 680 domorum
1333 639 1430 700 quam
1454 621 1499 682 vi·

241 740 372 783 nearum
398 723 438 783 ad
462 744 495 785 se
519 742 705 785 mansurum
730 737 952 805 assumpserat,
971 724 1043 786 ideo
1068 724 1172 785 eidem
1195 725 1360 787 Demetrio
1385 726 1504 788 medie·

240 840 337 888 tatem
364 827 446 889 dIcte
471 829 587 890 domus
611 842 641 890 et
663 829 756 890 vinee
780 829 1035 908 adjudicavimus
1059 850 1098 890 eo
1115 831 1225 909 modo,
1250 832 1337 912 quod
1357 832 1423 913 ipse
1441 832 1503 893 De·

240 934 373 995 metrius
396 954 495 1016 usquc
514 935 610 997 vitam
629 935 728 1016 ipsius
743 935 846 996 Borka
865 935 982 997 dictam
1000 935 1134 998 domum
1151 935 1289 998 vendere
1306 956 1371 999 non
1389 938 1501 1019 possit,

239 1040 294 1101 sed
319 1041 445 1102 vineam
463 1043 557 1103 ambe
574 1055 678 1123 partes
700 1040 839 1102 vendere
857 1055 1003 1123 possent;
1021 1042 1081 1103 hoc
1105 1042 1206 1104 eciam
1223 1041 1395 1121 declarato,
1412 1043 1501 1124 quod

240 1146 325 1208 idem
351 1147 532 1209 Demetrius
566 1148 682 1209 dictam
715 1148 854 1209 Borkam
887 1161 1052 1229 tamquam
1079 1168 1169 1209 suam
1202 1162 1336 1211 matrem
1362 1150 1393 1211 in
1419 1150 1502 1212 dicta

240 1253 338 1315 domo
363 1254 494 1336 pacifice
519 1275 705 1317 conservare
731 1255 855 1317 debeat.

346 1360 422 1421 Item
449 1362 524 1442 quIa
548 1360 732 1422 Anthonius
756 1359 932 1421 Cordarich
965 1379 1097 1423 uxorem
1122 1361 1219 1423 Marci
1253 1361 1440 1444 carpentarii
1466 1361 1499 1423 in

241 1465 315 1526 sede
339 1480 446 1528 nostra
479 1466 644 1548 juditiaria
678 1465 888 1547 vituperavit,
920 1465 994 1527 ideo
1026 1466 1130 1528 eidem
1165 1467 1331 1529 EIizabeth
1355 1480 1401 1528 est
1424 1487 1500 1528 con·

238 1571 340 1633 victus
363 1573 396 1633 in
429 1587 567 1656 quatuor
597 1573 722 1651 marcis,
754 1570 851 1653 judici
883 1592 981 1633 unam
1015 1591 1165 1651 marcam,
1196 1572 1307 1655 juratis
1330 1571 1496 1655 (mediam)

238 1697 391 1740 marcam.

344 1785 423 1846 Item
458 1784 619 1846 Fabianus
654 1783 797 1846 literatus
832 1798 940 1845 contra
966 1784 1118 1864 Iincham
1153 1785 1257 1868 prImo
1289 1785 1403 1848 citatus
1431 1802 1496 1845 non

236 1890 426 1973 comparuit.

343 1997 420 2058 Item
438 2017 532 2058 causa
557 1996 711 2079 Stephani
736 2008 845 2058 contra
869 1996 1040 2058 Nicolaum
1058 1996 1183 2059 OdoIas
1206 2016 1307 2078 usque
1331 2010 1404 2058 octo
1429 1995 1497 2058 dies

236 2115 283 2163 est
306 2118 487 2184 prorogata.

375 2337 472 2411 Ieria
500 2346 597 2412 sexta
626 2342 781 2430 proxima
809 2348 886 2428 post
913 2340 1035 2412 festum
1062 2341 1152 2411 beati
1182 2342 1360 2429 Iamperti.

761 2487 825 2566 (16.
843 2492 969 2569 aprilis).

340 2631 630 2715 ItemAgustinus
673 2631 820 2694 sacerdos
862 2646 972 2693 contra
1007 2631 1160 2712 Iglicham
1206 2644 1319 2693 octavo
1360 2630 1411 2692 die
1448 2649 1495 2691 re-

233 2737 415 2819 spondebit.

339 2845 417 2908 Item
441 2865 534 2907 causa
560 2847 656 2907 Liber
680 2845 834 2907 Iohannis
851 2857 960 2906 contra
983 2844 1112 2905 Petrum
1137 2863 1237 2926 usque
1262 2857 1335 2904 octo
1361 2842 1428 2903 dIes
1453 2841 1493 2903 ad

233 2972 345 3034 pacem
371 2969 416 3014 est
439 2967 576 3034 recepta.

339 3061 416 3123 Item
443 3061 550 3120 Marco
575 3057 766 3120 Gmizanich
801 3071 911 3119 contra
937 3057 1115 3118 Iohannem
1149 3056 1254 3138 primo
1283 3055 1396 3116 citatus
1428 3073 1493 3114 non

234 3179 421 3248 comparuit.

339 3271 416 3333 Item
441 3269 625 3331 Anthonius
657 3281 765 3329 contra
791 3268 991 3329 Demetrium
1025 3268 1125 3330 VoIeIr
1158 3266 1348 3329 secundario
1380 3265 1492 3326 citatus

232 3397 297 3439 non
325 3377 513 3461 comparuit.

338 3483 415 3545 Item
440 3501 567 3543 causam
586 3480 715 3563 Mathey
732 3493 842 3542 contra
868 3480 997 3543 I'etrum
1016 3479 1188 3562 Kocheych
1205 3498 1307 3560 usque
1333 3490 1406 3539 octo
1424 3475 1492 3537 dies

232 3588 271 3649 ad
295 3608 406 3671 pacem
431 3602 629 3669 receperunt.

337 3695 416 3757 Item
425 3694 574 3754 Vrbanus
583 3707 693 3755 contra
704 3692 880 3775 Georgium
894 3691 1084 3754 secundario
1098 3691 1211 3752 citatus
1224 3709 1288 3751 non
1303 3689 1491 3772 comparuit.

336 3801 414 3862 Item
447 3819 540 3861 causa
565 3799 719 3861 Iohannis
743 3800 822 3861 BoIe
847 3813 955 3861 contra
980 3798 1116 3859 Paulum
1134 3816 1236 3878 usque
1260 3809 1333 3858 octo
1358 3795 1426 3857 dies
1450 3795 1490 3856 ad

231 3927 342 3989 pacem
367 3921 414 3969 est
439 3920 574 3988 recepta.

336 4014 414 4076 Item
451 4033 543 4075 causa
587 4012 742 4074 Anthonii
782 4010 930 4095 Zytarich
966 4023 1075 4072 contra
1115 4009 1315 4071 Anthonium
1352 4008 1488 4089 juratum

230 4139 330 4200 usque
356 4133 429 4182 octo
454 4120 522 4182 dies
546 4120 585 4180 ad
610 4139 722 4201 pacem
747 4132 792 4180 est
816 4130 951 4200 recepta.

336 4226 414 4288 Item
442 4245 537 4287 causa
563 4225 675 4287 Briccii
712 4237 820 4286 contra
847 4222 1036 4285 Michaelem
1062 4221 1265 4304 Dampmiani
1291 4240 1392 4301 usque
1417 4234 1490 4282 octo

230 4330 298 4392 dies
322 4332 361 4392 ad
386 4352 497 4414 pacem
523 4345 569 4395 est
594 4346 729 4413 recepta.

335 4438 413 4499 Item
439 4437 600 4501 Iohannes
624 4452 732 4500 contra
757 4436 958 4498 Anthonium
983 4434 1130 4518 Zytarich
1163 4434 1352 4496 secundario
1378 4435 1490 4495 citatus

230 4563 295 4606 non
321 4546 509 4628 comparuit.

334 4648 412 4712 Item
437 4651 590 4714 Nicolaus
614 4650 728 4713 Kouch
752 4662 861 4712 contra
887 4649 1030 4711 Marcum
1048 4649 1152 4732 prImo
1178 4649 1291 4711 citatus
1314 4667 1380 4710 non
1401 4666 1488 4709 com·

228 4752 344 4840 paruit.
