3472 5234
1332 454 1335 457 ,
1432 364 1498 458 Ψ

340 558 418 620 Item
449 578 542 620 causa
575 557 707 638 Georgii
745 556 916 619 Miltoucbe
954 572 985 618 et
1016 557 1171 618 lobannis
1202 556 1332 618 sartoris
1363 568 1409 616 est
1440 575 1498 637 per

236 664 371 726 Paulum
404 663 560 746 Chaplicb
594 677 625 725 et
657 664 802 724 Markum
837 662 956 725 Gemze
989 663 1029 723 ad
1065 662 1177 724 feriam
1211 663 1341 724 terciam
1372 675 1498 744 recepta

236 770 275 832 ad
301 790 423 854 pacem.

340 876 416 938 ltem
442 896 536 938 causa
561 876 693 956 Georgii
719 890 750 937 et
775 876 872 937 Marci
897 890 944 936 est
964 895 1021 958 per
1044 888 1139 937 testes
1163 875 1203 936 ad
1228 874 1339 936 feriam
1364 874 1494 936 terciam

237 1002 322 1044 nunc
345 983 526 1065 proximam
550 995 675 1064 recepta
701 981 741 1042 ad
765 1001 887 1064 pacem.

342 1106 419 1167 ltem
444 1126 493 1167 ser
518 1105 634 1188 Gyuan
659 1105 866 1187 solempniter
890 1105 1040 1187 deposuit
1055 1105 1269 1187 juramentum
1295 1118 1405 1167 contra
1431 1125 1497 1166 nta-

237 1212 371 1293 gistrum
389 1213 558 1274 Nicolaum
577 1211 678 1273 filium
703 1211 836 1272 Arlandi
854 1231 948 1293 super
965 1231 1027 1272 una
1045 1211 1153 1290 lorica,
1178 1226 1209 1272 et
1232 1211 1318 1272 idem
1344 1211 1494 1291 magister

239 1317 390 1380 Nicolaus
415 1319 519 1381 eidem
544 1338 593 1380 ser
625 1317 741 1401 Gyuan
768 1318 800 1378 in
831 1318 1004 1399 quindenis
1036 1317 1122 1378 XVII
1154 1337 1268 1400 pensas
1292 1317 1496 1378 denariorum

234 1425 401 1488 exsolvere
427 1426 532 1486 debet.

342 1532 420 1594 ltem
445 1530 537 1594 Cifus
566 1544 675 1591 contra
708 1530 808 1593 Cursa
842 1529 1133 1590 molendinatorem
1158 1529 1262 1611 primo
1295 1529 1408 1591 citatus
1432 1547 1496 1588 non

233 1637 425 1720 comparuit.

343 1743 420 1808 Item
446 1761 538 1804 causa
564 1741 689 1805 Crisani
715 1758 746 1803 et
769 1760 900 1803 suorum
933 1741 1094 1803 sociorum
1118 1741 1158 1803 de
1183 1740 1348 1802 Zlanouch
1372 1754 1417 1801 est
1442 1759 1498 1822 per

234 1849 405 1910 Nicolaum
432 1849 568 1910 condam
594 1848 733 1929 judicem
759 1862 789 1910 et
815 1849 934 1910 Lucam
954 1848 1081 1909 bonioli
1107 1847 1147 1909 ad
1172 1846 1283 1909 feriam
1301 1848 1431 1909 terciam
1451 1867 1497 1908 re·

235 1970 324 2039 cepta
351 1956 390 2017 ad
415 1976 537 2039 pacem.

342 2063 419 2125 ltem
445 2082 538 2124 causa
564 2062 679 2145 Gyuan
705 2076 736 2122 et
764 2061 905 2142 magistri
931 2060 1085 2122 lobannis
1109 2060 1214 2143 Crispi
1238 2074 1285 2122 est
1307 2062 1366 2122 sub
1391 2059 1496 2121 forma

234 2169 356 2230 arbitrii
382 2168 421 2229 ad
446 2167 559 2229 feriam
583 2168 712 2229 terciam
742 2181 923 2250 prorogata.

340 2292 417 2353 ltem
443 2291 602 2373 Georgius
619 2292 762 2353 literatus
779 2292 811 2352 in
836 2311 971 2373 persona
990 2292 1096 2353 uxoris
1112 2311 1168 2353 sue
1193 2290 1372 2352 Jobannem
1392 2290 1495 2353 filium

235 2398 400 2461 Chemerii
425 2418 442 2459 a
467 2398 657 2459 vendicione
686 2418 742 2459 sue
767 2398 882 2459 domus
911 2397 1076 2480 prohibuit
1107 2412 1137 2458 et
1163 2396 1326 2458 interdixit
1350 2398 1430 2458 facie
1455 2397 1495 2459 ad

232 2505 348 2566 faciem
374 2524 481 2566 coratn
507 2505 600 2566 nobis
623 2504 794 2586 repertum.

343 2611 420 2673 ltem
447 2612 556 2672 Petrus
585 2611 684 2671 decan
716 2624 825 2671 contra
858 2610 1004 2671 Markum
1029 2610 1134 2692 primo
1165 2610 1279 2671 citatus
1310 2627 1375 2670 non
1408 2628 1497 2670 com-

234 2717 350 2799 paruit.

341 2823 420 2885 ltem
444 2822 597 2885 Clemens
622 2835 731 2883 contra
753 2820 931 2903 Georgium
956 2822 1061 2904 primo
1078 2822 1192 2884 citatus
1215 2841 1280 2882 non
1305 2821 1495 2903 comparuit.

342 2947 420 3007 ltem
437 2946 556 3007 Paulus
580 2944 740 3008 aurifaber
771 2945 849 3008 feria
871 2947 970 3009 tercia
1000 2967 1056 3029 per
1081 2947 1236 3008 Jacobum
1261 2960 1292 3009 et
1316 2947 1496 3009 Jobanoem

235 3053 383 3115 atestabit
406 3073 501 3136 super
526 3072 590 3114 uno
618 3053 759 3136 pellicio.

340 3177 417 3238 ltem
447 3178 648 3258 Margaretha
680 3178 796 3239 mulier
827 3191 941 3240 octavo
973 3178 1024 3238 die
1056 3198 1088 3240 se
1120 3190 1206 3238 sexta
1239 3177 1355 3256 jurabit
1385 3191 1495 3241 contra

238 3283 357 3344 liberos
380 3283 516 3344 condam
542 3284 666 3345 Nicolai
684 3282 835 3346 aurifabri
860 3285 893 3345 in
910 3303 959 3363 eo,
984 3283 1072 3365 quod
1090 3284 1157 3365 ipsa
1174 3284 1301 3345 nullum
1325 3297 1493 3365 argentum

237 3389 337 3472 ipsius
360 3389 485 3451 Nicolai
511 3409 575 3450 non
599 3388 760 3468 furaverit,
783 3390 837 3450 sed
862 3390 895 3451 in
917 3389 1015 3451 domo
1041 3389 1172 3471 Georgii
1197 3390 1381 3468 sacerdotis,
1398 3410 1495 3471 quam

236 3496 296 3556 sibi
321 3507 353 3556 et
375 3496 440 3556 suis
471 3495 578 3577 pueris
610 3496 750 3558 dotasset
782 3511 813 3558 et
844 3497 1027 3578 deputasset
1060 3496 1144 3558 iuxta
1176 3496 1291 3558 seriem
1317 3510 1497 3558 nostrarum

232 3601 407 3680 literarum,
440 3602 631 3678 invenisset;
664 3616 856 3684 peractoque
888 3603 957 3685 ipso
982 3602 1161 3683 juramento
1193 3622 1265 3664 suas
1298 3601 1413 3663 domos
1437 3603 1497 3664 sibi

233 3708 441 3788 assignabunt
464 3722 495 3769 et
519 3708 584 3769 suis
607 3708 733 3791 pueris;
759 3709 859 3792 ipsam
884 3723 991 3770 autem
1009 3728 1138 3770 causam
1163 3708 1254 3770 liberi
1279 3708 1413 3790 predicti
1439 3709 1495 3770 Ni·

232 3814 314 3874 colai
339 3811 491 3876 aurifabri
517 3814 556 3874 ad
582 3815 732 3896 antiquos
756 3815 877 3896 judices
912 3816 1114 3898 appellarunt
1138 3815 1178 3877 ad
1210 3816 1378 3876 sabbatum
1412 3834 1497 3876 nunc

234 3931 416 3982 instantem.

338 4043 514 4117 (Additum).
538 4045 672 4126 Antiqui
700 4044 821 4126 judices
846 4047 992 4108 similiter
1015 4046 1207 4129 judicarunt.

338 4167 416 4228 ltem
452 4167 558 4229 relicta
596 4169 782 4230 Peterkonis
816 4170 1039 4232 communitati
1075 4190 1129 4232 sex
1160 4189 1282 4231 marcas
1315 4171 1497 4253 persolvere

234 4271 338 4351 debet,
352 4271 467 4333 domos
480 4287 588 4334 autem
602 4273 750 4336 Grizicbe
764 4275 824 4336 sibi
837 4275 1092 4355 adjudicavimus
1105 4290 1260 4358 perpetuo
1275 4277 1496 4358 possidendas.

340 4378 417 4439 Item
444 4397 522 4439 uxor
546 4380 655 4442 Jacobi
681 4380 827 4462 pellificis
851 4395 964 4442 octavo
989 4381 1040 4444 die
1065 4402 1097 4443 se
1122 4382 1218 4444 tercia
1243 4381 1360 4462 jurabit
1384 4384 1415 4445 in
1444 4403 1494 4461 e0‚

235 4484 322 4565 quod
348 4484 415 4565 ipsa
439 4485 578 4547 nescita
611 4506 676 4567 quo
709 4487 850 4567 quodam
883 4502 1049 4568 argentum
1083 4486 1222 4549 furatum
1249 4489 1280 4549 in
1307 4488 1378 4551 foro
1410 4509 1496 4551 corn·

239 4604 390 4671 parasset.

341 4697 420 4758 ltem
452 4696 614 4758 lohannes
646 4698 742 4759 Liber
773 4711 887 4760 octavo
920 4699 971 4760 die
1003 4698 1120 4779 jurabit
1151 4715 1260 4762 contra
1295 4701 1496 4783 Mycbaelem

238 4801 397 4886 Damyani
422 4822 517 4886 super
541 4822 590 4882 e0‚
615 4804 703 4884 quod
728 4804 794 4886 ipse
821 4804 853 4866 in
878 4804 969 4866 nullo
1001 4805 1107 4867 eidem
1139 4805 1301 4889 Mycbaeli
1325 4819 1497 4870 teneretur.
