3472 5234
617 316 820 396 Ann01389.
846 353 887 363 -
911 316 942 381 ό.
966 323 1094 396 augusti.
1430 342 1490 403 305

333 533 412 593 Item
435 531 589 593 Nicolaus
612 543 726 593 octavo
751 531 803 593 die
827 532 914 593 solus
935 531 1038 612 jurare
1063 532 1159 594 debet
1184 551 1353 615 supereo,
1377 546 1412 594 ut
1436 533 1489 594 Jo-

226 637 350 699 hannes
374 637 500 698 villicus
523 637 583 699 sibi
608 650 735 699 tenetur
756 636 814 698 ΧΙΙ
838 638 946 720 pensis
961 638 1185 700 viennensium
1209 653 1240 700 et
1263 638 1376 701 decem
1400 638 1488 700 vien-

227 743 391 806 nensibus.

334 849 411 910 Item
439 850 548 911 Marco
577 848 770 912 Gmizouich
794 861 909 911 octavo
941 849 992 912 die
1016 870 1111 933 super
1142 870 1180 912 eo
1205 849 1332 931 jurabit,
1355 865 1391 912 ut
1422 850 1489 933 ipse

225 954 363 1017 Johanni
380 975 479 1038 parvo
497 969 614 1017 rectam
632 967 663 1017 et
676 954 824 1037 equalem
846 956 1050 1018 medietatem
1067 956 1148 1018 lucri
1165 957 1224 1018 sibi
1242 956 1399 1033 dedisset;
1416 957 1483 1038 ipse

225 1074 331 1124 autem
349 1061 511 1124 Johannes
534 1082 650 1145 parvus
666 1061 767 1144 ipsam
788 1081 915 1124 causam
932 1062 972 1123 ad
989 1063 1139 1145 antiquos
1163 1063 1284 1145 judices
1300 1062 1484 1146 appellavit.

330 1186 409 1249 Item
441 1187 578 1248 lacobus
601 1185 686 1248 filius
717 1185 877 1269 Gyungek
909 1199 1022 1249 octavo
1054 1187 1106 1249 die
1136 1187 1225 1249 solus
1254 1206 1413 1270 supereo
1437 1185 1485 1266 ju·

226 1293 325 1372 rabit,
357 1307 391 1355 ut
423 1294 490 1375 ipse
522 1293 674 1376 episcopo
707 1292 854 1353 Tiniensi
886 1293 918 1354 in
955 1293 1054 1355 domo
1083 1313 1139 1355 sua
1171 1313 1358 1376 permanere
1390 1293 1488 1374 gratis

226 1418 291 1461 non
316 1399 465 1461 dedisset.

328 1504 406 1568 ltem
423 1504 555 1567 Zalraria
573 1517 686 1566 octavo
711 1504 763 1566 die
786 1505 875 1566 solus
894 1503 998 1585 jurare
1016 1506 1110 1567 debet
1134 1518 1287 1587 quantam
1312 1505 1484 1587 pecuniam

222 1629 318 1693 super
341 1609 476 1671 domum
501 1608 662 1693 Gyungek
683 1610 894 1692 expendisset.

329 1716 407 1778 ltem
433 1715 551 1778 Paulus
574 1729 684 1778 contra
708 1716 872 1799 Voyschar
895 1716 1042 1778 terciario
1066 1717 1179 1779 citatus
1203 1712 1279 1780 non'
1293 1717 1483 1799 comparuit.

332 1840 411 1903 ltem
436 1841 547 1903 Petrus
576 1841 676 1903 decan
708 1854 818 1903 contra
843 1842 972 1903 Petrum
1005 1854 1119 1903 octavo
1143 1842 1195 1903 die
1227 1861 1323 1925 super
1346 1841 1487 1923 quadam

223 1947 360 2029 pecunia
396 1960 490 2009 testes
524 1948 701 2030 producere
737 1948 854 2027 debet,
889 1948 1055 2010 videlicet:
1097 1947 1290 2030 Gregorium
1330 1945 1486 2025 Pondich‚

221 2051 396 2132 Thomam,
422 2052 611 2135 Georgium,
644 2053 827 2133 Miklinum,
859 2053 1060 2115 Anthonium
1093 2053 1216 2115 Jursich
1249 2068 1281 2116 et
1305 2055 1485 2115 Marenum.

328 2178 405 2240 ltem
430 2178 548 2240 Paulus
572 2178 675 2260 pictor
698 2178 857 2257 tertiario,
880 2197 991 2262 ymmo
1014 2197 1112 2260 quam
1135 2178 1256 2261 pluries
1278 2193 1388 2241 contra
1413 2178 1482 2240 Sta·

222 2282 394 2345 chunarich
420 2303 486 2346 non
511 2284 701 2367 comparuit.

316 2500 412 2576 Feria
441 2512 540 2576 sexta
568 2507 723 2594 proxima
751 2512 828 2594 post
856 2505 979 2576 festum
1007 2504 1097 2576 beati
1126 2502 1265 2576 Osualdl
1295 2509 1396 2594 regis.

741 2673 788 2756 (ό.
812 2677 954 2752 augusti).

325 2832 404 2895 Item
428 2831 591 2895 Johannes
617 2833 761 2895 literatus
792 2847 901 2896 contra
927 2832 1113 2917 Gyaninum
1146 2832 1251 2914 primo
1279 2832 1394 2894 citatus
1419 2851 1485 2895 non

219 2939 410 3022 comparuit.

324 3044 401 3107 ltem
426 3065 524 3127 quem
547 3044 762 3127 juramentum
785 3046 879 3107 Petro
902 3044 971 3107 filio
987 3045 1108 3126 ngen
1133 3045 1292 3127 vigesimo
1318 3044 1434 3126 quinto
1451 3065 1485 3106 se

216 3169 312 3231 super
343 3150 486 3233 quodam
518 3151 688 3214 latrocinio
720 3151 1020 3233 adjudicaveramus
1052 3151 1138 3212 idem
1172 3151 1285 3213 Petrus
1308 3170 1404 3213 suum
1429 3151 1485 3212 de-

218 3257 326 3339 posuit
348 3256 576 3349 juramentum,
600 3258 674 3321 ideo
697 3278 757 3320 nos
788 3258 927 3320 eundem
953 3258 1093 3337 Petrum,
1114 3276 1242 3320 causam
1274 3277 1370 3340 super
1394 3258 1481 3320 dicto

215 3360 382 3424 latrocinio
396 3383 493 3445 quam
510 3384 606 3447 super
617 3363 810 3445 juramento,
823 3363 988 3426 reddimus
1001 3377 1032 3426 et
1045 3364 1266 3425 commisimus
1284 3363 1482 3446 expeditum.

320 3469 399 3532 ltem
427 3470 552 3532 Blasius
574 3483 676 3533 sartor
699 3483 810 3533 contra
833 3469 1006 3532 Nicolaum
1030 3470 1136 3552 primo
1161 3469 1275 3531 citatus
1299 3489 1364 3532 non
1390 3488 1477 3532 com·

220 3577 337 3659 paruit.

320 3683 398 3745 ltem
421 3684 597 3765 Agustinus
620 3683 769 3747 sacerdos
786 3695 895 3745 contra
922 3682 1132 3745 Benedictum
1150 3681 1343 3744 secundario
1366 3680 1481 3744 citatus

214 3808 279 3850 non
304 3790 494 3872 comparuit.

319 3913 396 3975 ltem
421 3913 618 3977 Laurentius
641 3925 729 3975 sutor
760 3924 872 3974 contra
903 3912 1059 3974 Jacobum
1082 3913 1187 3972 taskar
1217 3909 1408 3971 secundario
1433 3909 1475 3970 ci-

211 4032 295 4081 tatus
319 4039 383 4080 non
408 4019 599 4101 comparuit.

316 4126 395 4187 ltem
420 4126 531 4187 Petrus
553 4123 713 4206 gladiator
737 4137 847 4186 contra
872 4122 1036 4186 Thomam
1060 4121 1251 4184 secundario
1275 4121 1388 4183 citatus
1411 4139 1477 4182 non

214 4231 403 4310 comparuit.

317 4335 395 4398 ltem
420 4335 607 4397 lwanchech
631 4349 741 4398 contra
766 4337 909 4398 Marcum
934 4348 1049 4397 octavo
1074 4335 1126 4396 die
1150 4331 1367 4415 respondebit.

319 4458 395 4521 ltem
425 4479 520 4521 causa
545 4459 678 4542 Georgii
703 4459 970 4522 molendinatoris
994 4472 1103 4521 contra
1129 4458 1260 4520 Petrum
1279 4475 1379 4538 usque
1403 4468 1477 4516 octo

213 4565 282 4626 dies
305 4565 345 4627 ad
370 4585 481 4647 pacem
506 4579 552 4627 est
573 4579 710 4649 recepta.

319 4670 398 4734 ltem
422 4671 576 4734 Nicolaua
600 4685 709 4734 contra
734 4672 895 4753 Reginam
927 4671 1033 4753 primo
1057 4671 1170 4733 citatus
1194 4689 1259 4731 non
1285 4667 1477 4750 comparuit.

316 4778 394 4841 ltem
405 4778 755 4841 Stachunarichcontra
766 4777 1057 4842 Cifussecundario
1072 4777 1186 4839 citatus
1203 4794 1269 4837 non
1286 4774 1476 4857 comparuit.

1329 4883 1370 4924 20
