3472 5234
655 283 859 364 Ann01384.
884 320 925 330 -
949 299 998 361 19.
1016 286 1166 361 januarii.

693 503 1099 595 mmmmmwm

780 660 840 735 (15.
856 659 1021 734 januarii).

378 799 456 861 Item
482 798 658 881 Gregorius
684 796 779 859 irater
804 797 952 859 Damiani
984 811 1093 859 contra
1125 799 1227 860 Viclro
1252 798 1394 860 secundo
1422 800 1536 861 citatus

273 926 338 968 non
363 906 552 988 comparuit.

377 1011 454 1073 Item
486 1010 654 1072 Pertoldus
678 1009 773 1071 frater
799 1009 872 1070 Else
896 1008 980 1071 filius
998 1010 1090 1070 Frich
1115 1009 1207 1093 (h)eri
1233 1011 1263 1072 in
1297 1009 1367 1073 foro
1392 1011 1424 1072 in
1450 1010 1534 1074 facto

271 1118 534 1200 interempcionis
557 1117 665 1179 relicte
683 1116 790 1198 Egidii
814 1115 959 1198 pellificis
983 1116 1140 1197 legittime
1157 1117 1197 1179 ad
1214 1132 1394 1199 presentem
1421 1116 1533 1178 leriam

272 1237 392 1287 sextam
416 1223 641 1306 proclamatus,
666 1242 731 1284 non
757 1222 844 1284 venit
868 1222 1019 1283 secundo.

379 1329 456 1391 Item
485 1329 620 1411 Egidius
643 1343 732 1390 sutor
755 1326 846 1410 (h)eri
872 1328 904 1388 in
933 1327 1003 1389 loro
1033 1329 1064 1389 ln
1090 1327 1173 1389 lacto
1199 1328 1460 1410 interempcionis
1484 1347 1531 1389 re·

270 1435 344 1498 licte
370 1435 477 1517 Egidii
502 1434 648 1518 pellificis
671 1434 828 1516 legittime
852 1433 891 1494 ad
909 1449 1089 1516 presentem
1107 1433 1218 1496 leriam
1242 1448 1363 1496 sextam
1386 1434 1528 1496 secundo

269 1541 497 1624 proclamatus,
522 1561 586 1603 non
613 1541 710 1604 venit.

379 1647 458 1710 Item
482 1647 619 1709 Mathias
644 1645 781 1709 condam
809 1645 930 1727 juratus
960 1660 1069 1707 contra
1102 1645 1281 1708 iohannem
1308 1645 1457 1730 Grachyn
1483 1666 1531 1708 oc·

270 1765 345 1815 tavo
370 1753 424 1816 die
447 1753 666 1835 respondebit.

380 1860 458 1921 Item
475 1860 563 1941 quod
580 1860 655 1941 quia
672 1859 757 1920 Iwan
775 1861 877 1921 dictus
891 1859 1000 1920 Perdis
1016 1860 1049 1920 in
1063 1859 1256 1941 quibusdam
1273 1859 1338 1920 suis
1355 1860 1535 1920 excessibus

272 1986 369 2048 quam
386 1967 492 2048 sepius
509 1964 675 2027 manifeste
693 1980 739 2026 est
757 1980 910 2047 repertus,
933 1964 1007 2026 ideo
1031 1966 1230 2027 decrevimus
1254 1979 1284 2026 et
1301 1965 1533 2044 commisimus,

270 2072 360 2153 quod
386 2092 442 2134 sua
460 2071 641 2133 humanitas
658 2090 824 2152 nunquam
842 2071 915 2153 plus
937 2071 1041 2132 valeat
1065 2090 1163 2151 quam
1187 2070 1358 2132 duodecim
1375 2070 1535 2132 denarios.

402 2269 1413 2363 &mmmmmmmummmwmmml

780 2410 842 2485 (lc).
855 2410 1017 2485 sonuerit).

376 2531 453 2593 Item
479 2530 648 2592 Pertoldus
671 2528 765 2592 lrater
790 2530 863 2592 Else
887 2529 971 2592 filius
996 2529 1088 2591 Frich
1113 2528 1204 2612 (h)eri
1231 2530 1262 2589 in
1289 2528 1360 2591 loro
1392 2530 1424 2591 in
1450 2529 1533 2593 lacto

269 2637 531 2720 interempcionis
555 2636 663 2698 relicte
683 2637 788 2718 Egidii
806 2635 953 2717 pellificis
976 2637 1133 2718 legittime
1152 2637 1299 2698 terciario
1319 2636 1534 2717 proclamatus

270 2745 310 2806 ad
333 2758 515 2827 presentem
540 2743 650 2806 feriam
674 2744 815 2821 terciam,
841 2763 906 2804 non
930 2744 1027 2806 venit.

375 2850 454 2912 Item
471 2849 605 2930 Egidius
621 2863 710 2910 sutor
733 2848 825 2930 (h)eri
844 2849 874 2910 in
894 2847 964 2910 foro
982 2850 1012 2910 in
1038 2849 1122 2911 facto
1139 2850 1402 2930 interempcionis
1426 2850 1534 2912 relicte

271 2957 377 3038 Egidii
396 2955 542 3038 pellificis
566 2956 721 3036 legittime
746 2955 891 3016 terciario
916 2957 1130 3038 proclamatus
1148 2956 1186 3016 ad
1212 2970 1391 3036 presentem
1417 2956 1533 3018 feriam

270 3063 413 3140 terciam,
437 3082 502 3123 non
528 3062 625 3123 venit.

378 3169 457 3230 ltem
481 3168 569 3249 quod
595 3169 669 3249 quia
702 3169 835 3249 predicti
870 3168 1039 3230 Pertoldus
1064 3185 1093 3231 et
1127 3171 1262 3252 Egidius
1293 3184 1381 3232 sutor
1406 3186 1441 3233 ut
1464 3191 1535 3254 pre-

274 3274 378 3336 dictur
403 3275 434 3335 in
459 3275 559 3335 tribus
584 3272 661 3335 loris
685 3275 827 3354 legitime
852 3294 947 3356 super
970 3276 1146 3357 predictam
1176 3277 1436 3339 interleccionem
1460 3297 1534 3360 pro·

274 3381 401 3442 clamati
427 3399 490 3440 non
516 3393 682 3457 venerunt,
707 3394 736 3440 et
760 3400 793 3440 se
817 3400 834 3441 a
868 3379 947 3441 facie
971 3380 1049 3461 juris
1080 3383 1298 3461 absentarunt,
1324 3384 1456 3444 ideone
1481 3384 1534 3444 alii

273 3486 312 3546 ab
338 3505 376 3547 eo
400 3486 464 3547 sint
488 3487 669 3567 exemplati,
694 3488 719 3547 si
744 3487 775 3547 in
801 3487 884 3549 dicta
901 3487 1026 3549 civitate
1051 3489 1101 3549 vel
1127 3490 1196 3552 eius
1219 3490 1378 3552 territorio
1403 3491 1534 3572 reperiri

271 3605 421 3674 poterunt
446 3591 485 3654 de
510 3593 555 3652 eis
583 3592 723 3653 vindicta
745 3607 945 3675 sumpmatur
976 3595 1061 3655 iuxta
1094 3597 1359 3657 consuetudinem
1385 3597 1532 3659 civitatis.

377 3697 455 3757 Item
480 3697 639 3778 Georgius
664 3713 772 3759 contra
798 3699 963 3760 Vrbanum
990 3700 1092 3780 primo
1110 3702 1223 3762 citatus
1248 3722 1312 3763 non
1339 3704 1530 3784 comparuit.

380 3803 457 3864 Item
491 3803 628 3864 Mathias
659 3804 795 3865 condam
828 3803 948 3885 juratus
980 3806 1117 3867 Iohanni
1151 3806 1300 3891 Grachyn
1336 3829 1389 3869 sex
1415 3829 1536 3871 marcas

272 3908 476 3970 denariorum
500 3929 603 3990 usque
628 3910 811 3990 quindenas
835 3912 959 3972 solvere
984 3913 1089 3973 debet.

377 4016 455 4076 Item
484 4015 572 4096 quod
602 4017 676 4098 quia
709 4017 833 4078 Dikaua
866 4019 982 4080 mulier
1014 4020 1122 4080 relicta
1157 4020 1280 4082 Crisani
1308 4023 1339 4082 in
1371 4023 1534 4103 presencia

272 4123 413 4204 magistri
438 4124 674 4184 tavarnicorum
700 4138 730 4185 et
755 4125 855 4185 eciam
881 4144 988 4186 coram
1014 4128 1106 4187 nobis
1135 4141 1243 4188 contra
1268 4128 1366 4189 filiam
1391 4149 1481 4190 suam
1505 4143 1536 4191 et

273 4229 477 4290 Franciscum
503 4230 641 4291 condam
665 4229 803 4309 judicem
832 4250 986 4309 generum
1021 4234 1175 4313 quasdam
1201 4233 1295 4295 falsas
1319 4235 1425 4296 literas
1449 4236 1535 4296 exhi·

273 4335 378 4396 buisse
403 4349 449 4396 est
473 4349 606 4416 reperta,
632 4335 705 4397 ideo
731 4356 869 4397 unacum
894 4339 1046 4418 magistro
1063 4340 1299 4401 tavarnicorum
1326 4342 1428 4402 eciam
1452 4342 1535 4423 regi-

272 4439 337 4500 nali
363 4440 514 4502 mandato
545 4442 776 4503 interveniente
811 4442 911 4523 ipsam
944 4443 1101 4505 Dikauam
1138 4458 1222 4508 extra
1254 4447 1414 4509 civitatem
1438 4448 1534 4509 licen·

272 4544 427 4606 clavimus
451 4547 504 4625 ita,
528 4547 615 4628 quod
642 4566 806 4629 nunquam
833 4547 873 4609 de
897 4560 1003 4610 cetero
1028 4551 1059 4611 in
1089 4551 1249 4613 civitatem
1277 4553 1393 4614 intrare
1418 4554 1534 4634 possit;

271 4650 296 4710 si
321 4670 396 4712 vero
420 4651 454 4712 in
478 4653 603 4714 civitate
628 4667 752 4735 reperta
777 4651 881 4732 luerit,
905 4666 983 4716 tunc
1007 4655 1046 4717 de
1075 4657 1142 4738 ipsa
1168 4659 1308 4721 vindicta
1333 4674 1534 4742 sumpmatur

272 4757 359 4818 iuxta
382 4758 563 4822 libertatem
588 4760 734 4823 civitatis.

797 4873 1009 4892 Ἣ·-
