3472 5234
643 331 846 412 Ann01382.
872 368 912 377 -
938 331 968 394 ό.
993 336 1079 399 iunii.
1436 354 1496 416 177

340 545 419 607 Item
454 546 566 606 Maren
599 543 738 605 condam
769 543 890 625 juratus
921 557 1030 605 contra
1055 544 1198 605 Blasium
1229 543 1425 606 aurifabrum
1450 564 1499 606 se·

230 651 338 713 cundo
363 651 476 712 citatus
500 669 566 712 non
590 649 779 731 comparuit.

338 756 417 818 Item
443 754 604 835 Georgius
628 754 666 815 de
698 754 855 816 suburbIo
886 768 997 817 contra
1030 755 1152 816 Lucam
1182 755 1369 836 selliparum
1392 756 1497 837 pritno

229 864 343 925 citatus
368 882 433 924 non
458 861 648 943 comparuit.

338 969 416 1031 Item
442 968 604 1029 Fabianus
626 967 771 1028 literatus
794 979 904 1027 contra
925 965 1035 1026 Bartol
1058 965 1231 1048 lapicidam
1256 967 1361 1048 primo
1384 967 1498 1029 citatus

231 1095 297 1137 non
322 1075 512 1156 comparuit.

337 1162 416 1242 Item
441 1177 603 1240 Johannes
626 1177 712 1239 filius
736 1177 882 1239 Domkus
906 1192 1015 1240 contra
1041 1178 1177 1239 Paulum
1201 1178 1358 1260 pictorem
1382 1193 1496 1240 octavo

231 1285 284 1347 die
309 1285 525 1367 respondebit.

337 1392 416 1453 Item
446 1391 602 1452 MartInus
626 1388 782 1472 Zekyrich
813 1403 923 1452 contra
954 1391 1120 1453 domInam
1146 1391 1289 1452 relictam
1323 1390 1430 1452 Endre
1456 1391 1496 1454 de

232 1499 310 1559 turri
334 1498 440 1580 primo
472 1497 586 1558 citatus
610 1515 675 1557 non
698 1496 889 1576 comparuit.

338 1604 416 1665 Item
442 1601 596 1663 Nicolaus
614 1584 869 1683 archydiaconus
885 1616 994 1663 contra
1012 1601 1193 1664 Iohannem
1210 1602 1339 1664 fratrem
1356 1603 1498 1665 custodis

232 1710 337 1791 primo
369 1710 483 1772 citatus
508 1728 573 1770 non
598 1709 788 1789 comparuit.
1505 1689 1510 1698 ⁵

340 1815 419 1877 Item
443 1815 560 1877 mulier
585 1795 797 1896 Cetr)nechna
815 1828 923 1875 contra
942 1814 1078 1876 Paulum
1095 1814 1250 1897 pictorem
1274 1816 1379 1898 primo
1404 1817 1497 1879 citata

232 1941 297 1983 non
322 1921 513 2004 comparuit.

337 2028 414 2090 Item
426 2029 564 2090 Jacobus
574 2028 698 2089 institor
708 2041 816 2088 contra
827 2025 980 2110 Gyurgelc
990 2027 1095 2109 prImo
1105 2027 1292 2089 citatusnon
1306 2029 1497 2110 comparuit.

338 2133 416 2195 Item
442 2134 560 2216 Stepan
586 2153 642 2214 per
666 2146 848 2194 consortem
873 2133 957 2194 Petri
975 2132 1121 2214 Hungari
1147 2147 1177 2194 et
1197 2153 1330 2195 uxorem
1349 2134 1497 2196 Matheus

232 2252 262 2300 et
287 2238 458 2319 conjugem
484 2239 593 2299 Kusalc
617 2252 731 2299 octavo
756 2237 807 2300 die
832 2237 893 2299 hoc
917 2239 1075 2316 atestabit‚
1099 2238 1188 2320 quod
1205 2259 1336 2301 consors
1361 2239 1492 2322 Georgii

232 2344 307 2404 dicti
334 2344 472 2405 Sidouin
497 2357 677 2406 consortem
703 2362 793 2405 suam
819 2344 1028 2425 vituperasset
1053 2358 1084 2405 et
1106 2343 1285 2407 maleficam
1310 2344 1435 2408 dixerit.

338 2449 418 2511 Item
442 2450 552 2511 Aleter
575 2450 732 2531 pecohlep
757 2463 867 2511 contra
892 2450 1075 2511 Emericum
1107 2449 1279 2530 lapicidam
1303 2465 1418 2512 octavo
1442 2452 1494 2513 die

231 2556 449 2637 respondebit.

337 2661 414 2723 Item
432 2680 527 2722 causa
551 2660 691 2722 Ladislai
715 2661 798 2722 tular
822 2648 931 2722 contra
956 2660 1071 2742 Jaklyn
1096 2658 1136 2721 ad
1168 2673 1318 2722 octavum
1343 2661 1430 2723 diem
1453 2662 1494 2723 ad

231 2786 342 2849 pacem
367 2781 413 2828 est
437 2781 573 2848 recepta.

336 2873 415 2934 Item
441 2871 602 2952 Georgius
619 2871 715 2934 Loter
731 2891 832 2953 usque
854 2871 1034 2953 qulndcnas
1052 2870 1211 2952 Gregorio
1228 2872 1363 2934 voschar
1378 2891 1496 2934 novem

230 2997 344 3059 pensas
368 2978 575 3039 denariorum
599 2978 725 3039 solvere
753 2977 859 3039 debet.

337 3085 415 3145 Item
440 3083 570 3145 Lachko
594 3084 762 3166 Botchych
789 3097 899 3145 contra
916 3083 1091 3144 MartInum
1115 3081 1271 3166 Zekyrich
1295 3083 1437 3145 secundo
1454 3085 1497 3146 ci-

230 3203 313 3250 tatus
340 3209 406 3251 non
430 3190 621 3271 comparuit.

336 3295 415 3356 Item
440 3316 534 3357 causa
560 3294 710 3376 Gregorii
735 3296 827 3377 jurati
845 3310 956 3358 contra
979 3294 1096 3376 Cygan
1113 3295 1153 3356 ad
1177 3308 1326 3357 octavum
1353 3294 1438 3357 diem
1455 3296 1497 3357 ad

230 3420 342 3482 pacem
368 3416 415 3463 est
439 3416 576 3484 recepta.

337 3506 415 3568 Item
440 3506 601 3569 Janchecb
624 3522 725 3569 sartor
749 3526 850 3588 usque
875 3507 1057 3589 quindenas
1081 3507 1227 3569 Kuskoui
1252 3506 1365 3569 decem
1382 3526 1497 3589 pensas

232 3625 262 3671 et
286 3611 401 3692 viginti
425 3612 575 3674 denarios
598 3613 705 3674 minus
728 3626 866 3693 quatuor
890 3613 1029 3675 denariis
1053 3613 1178 3675 solvere
1202 3613 1308 3675 debet.

338 3718 416 3778 Item
441 3719 557 3780 Kusilo
581 3718 831 3799 Nandragouicb
864 3733 974 3781 contra
1007 3718 1242 3801 Margaretham
1274 3719 1417 3780 secundo
1452 3719 1497 3780 ci-

231 3837 314 3885 tatus
338 3843 403 3884 non
429 3825 620 3906 comparuit.

337 3929 415 3991 Item
440 3931 608 3992 Lorandus
632 3930 798 4014 faretripar
822 3946 931 3994 contra
956 3931 1111 3993 Mathiam
1141 3943 1296 3992 sartorem
1319 3930 1424 4015 primo
1453 3930 1497 3991 ci·

231 4048 314 4096 tatus
336 4055 401 4097 non
426 4037 616 4118 comparuit.

338 4141 416 4202 Item
441 4142 563 4224 Symon
588 4156 619 4204 et
644 4143 743 4204 Lucia
771 4142 836 4205 filia
862 4141 1038 4205 Wlkouich
1063 4155 1171 4203 contra
1189 4141 1332 4201 Iwanum
1350 4139 1495 4201 secundo

231 4246 317 4307 citati
342 4266 406 4308 non
431 4256 690 4330 comparuerunt.

337 4351 415 4414 Item
436 4352 563 4415 Cristan
587 4368 697 4415 contra
721 4360 884 4436 Agnesam
911 4355 1054 4416 secundo
1078 4355 1191 4415 citatus
1216 4370 1281 4413 non
1306 4351 1497 4433 comparuit.

338 4458 416 4520 Item
442 4458 595 4542 Gyurgek
619 4460 803 4543 Blanchych
836 4475 945 4523 contra
979 4462 1123 4522 Marcum
1155 4458 1257 4520 filium
1290 4457 1416 4518 Franoe
1440 4475 1494 4519 oc·

231 4576 305 4624 tavo
330 4564 381 4624 die
406 4566 623 4647 respondebit.

337 4670 416 4732 Item
442 4671 601 4733 Domiana
626 4672 742 4733 mulier
767 4685 881 4734 octavo
906 4671 958 4734 dIe
971 4671 1113 4734 secunda
1128 4692 1162 4733 se
1185 4691 1281 4754 super
1304 4691 1344 4734 eo
1368 4670 1497 4752 jurabit,

231 4775 319 4856 quod
345 4777 446 4858 ipsam
472 4776 620 4859 Mychael
644 4778 884 4841 molendinator
908 4778 1110 4861 percusserit.

1354 4885 1391 4929 12
