3472 5234
248 291 308 369 158
623 288 824 367 Ann01378.
850 323 891 334 -
915 302 962 366 15.
987 291 1115 351 octobris.

348 499 426 561 Item
452 501 555 562 Lucas
572 500 612 562 de
630 499 701 584 Gay
726 501 870 563 Ianalino
892 499 1054 563 aurifabro
1078 514 1200 584 septem
1225 515 1256 564 et
1280 501 1387 563 media
1403 503 1511 584 pensis

241 604 447 667 denariorum
471 620 607 684 tenetur,
632 626 711 688 quas
734 627 829 690 super
854 607 959 688 ipsum
983 607 1118 690 juridice
1142 610 1302 670 convenit.

347 712 426 773 Item
450 711 528 775 Iuan
553 726 663 774 contra
688 713 839 795 Dragiam
864 713 1033 774 mulierem
1062 713 1169 795 primo
1193 715 1305 776 citatus
1329 734 1395 776 non
1419 735 1506 777 com·

242 818 357 898 paruit.

348 924 426 985 Item
459 926 523 986 Res
554 940 664 986 contra
701 923 856 988 Mathiam
894 925 1077 1007 enaiparum
1113 926 1255 988 secundo
1295 928 1410 989 citatus
1442 947 1509 990 non

244 1031 434 1101 comparuit.

349 1135 427 1197 Item
452 1136 557 1197 Blasia
582 1150 691 1198 contra
716 1136 923 1199 Chutkonem
948 1137 1052 1213 primo
1088 1138 1182 1199 citata
1218 1157 1283 1199 non
1319 1138 1508 1221 comparuit.

348 1240 426 1303 Item
451 1241 558 1304 Endre
584 1242 641 1304 Sib
673 1255 783 1304 contra
808 1242 1019 1303 Hrenlronem
1047 1243 1152 1324 primo
1179 1244 1293 1306 citatus
1325 1264 1391 1307 non
1420 1263 1508 1307 com·

240 1346 356 1425 paruit.

344 1453 422 1515 Item
448 1454 566 1515 Paulus
591 1452 731 1515 carnifex
756 1468 865 1515 contra
890 1453 1099 1516 Katherinam
1123 1454 1265 1516 secundo
1291 1456 1405 1517 citatus
1436 1476 1501 1518 non

241 1560 431 1641 comparuit.

344 1662 424 1726 Item
448 1664 592 1725 Herman
616 1664 684 1745 jura
709 1665 734 1724 si
760 1683 823 1745 qua
847 1664 995 1727 habuerit
1011 1679 1120 1728 contra
1145 1666 1280 1727 luanum
1305 1664 1384 1727 Ieria
1408 1667 1505 1729 tercia

239 1788 324 1830 nunc
348 1783 483 1832 ventura
506 1769 671 1852 producet.

345 1875 424 1937 Item
448 1875 525 1937 Iuan
549 1888 660 1937 contra
685 1876 821 1938 Paulum
845 1877 956 1959 Kypar
971 1877 1077 1959 primo
1095 1877 1208 1939 citatus
1231 1897 1296 1939 non
1316 1879 1504 1961 comparuit.

343 1981 422 2042 Item
448 1980 610 2042 Mindofer
635 1981 784 2043 Mithaeli
809 1982 841 2042 in
869 1982 1042 2063 quindenis
1065 1982 1122 2045 xll
1148 2002 1270 2046 marcas
1297 1984 1504 2047 denariorum

239 2085 393 2148 exsolvet.

344 2191 423 2253 Item
456 2194 523 2255 Kus
548 2207 579 2255 et
601 2194 748 2256 Andreas
783 2209 893 2257 contra
917 2194 1064 2277 Dragech
1088 2209 1120 2258 et
1144 2194 1298 2279 Gyurgek
1331 2198 1437 2279 primo
1462 2197 1504 2260 ci-

236 2297 292 2359 tati
317 2316 383 2358 non
408 2314 665 2380 comparuerunt.

342 2403 422 2466 Item
447 2405 553 2467 Endre
578 2419 693 2468 octavo
717 2407 769 2468 die
786 2406 960 2469 duodecim
983 2407 1128 2488 personis
1144 2406 1262 2488 jurabit
1286 2409 1318 2470 in
1343 2428 1394 2487 eo,
1414 2410 1502 2492 quod

237 2507 304 2591 ipae
329 2529 387 2571 nec
418 2530 475 2572 sua
498 2531 578 2573 uxor
613 2532 746 2575 uxorem
778 2513 900 2574 Mareni
929 2515 968 2573 ab
999 2512 1116 2575 eodem
1147 2514 1282 2576 Mareno
1306 2515 1501 2577 alienassent

237 2616 376 2678 consilio
400 2637 458 2679 nec
482 2615 602 2697 favore,
627 2638 732 2699 neque
757 2618 890 2699 aliquod
924 2618 1100 2700 dampnum
1124 2619 1185 2680 sibi
1210 2619 1413 2686 intullissent.

343 2723 422 2784 Item
438 2723 645 2786 medletatem
669 2724 762 2785 vitree
785 2737 816 2786 et
839 2725 905 2786 vini
927 2724 1047 2786 Iacobo
1072 2723 1202 2806 pellifici
1226 2724 1501 2805 adjudicavimus3

235 2827 337 2909 ipsam
363 2842 470 2891 autem
494 2849 621 2892 causam
645 2830 768 2913 FiIipus
791 2830 831 2892 ad
855 2830 1006 2912 antiquos
1030 2829 1151 2910 judIces
1183 2831 1368 2913 appellavit.

341 2934 420 2996 Item
439 2936 612 2997 Mauricius
645 2935 803 3018 Gregorio
835 2955 946 2998 voscar
970 2937 1000 2997 in
1034 2934 1207 3025 quindenis
1239 2950 1362 3019 septem
1387 2957 1501 3019 pensae

235 3041 405 3120 persolvet.

341 3145 420 3208 Item
445 3148 598 3209 Nicolaus
621 3167 759 3209 assessor
782 3147 899 3229 jurabit
931 3148 1020 3228 quod
1044 3147 1222 3210 Iohannem
1249 3169 1306 3210 sua
1329 3168 1411 3212 uxor
1433 3169 1499 3211 non

235 3250 473 3331 vituperaverit.
