3472 5234
648 305 845 382 Anno1377.
872 338 911 347 —
936 303 986 365 26.
1003 306 1097 382 junii.

359 514 435 581 Item
462 513 621 594 Georgius
639 513 782 575 literatus
798 526 907 576 contra
925 529 1079 577 textorem
1098 530 1211 577 octavo
1229 514 1281 577 dIe
1297 513 1515 596 respondebit.

360 620 437 681 Item
463 620 585 703 Symon
610 619 750 682 carnifex
774 634 888 683 octavo
906 620 957 682 die
982 640 1038 702 per
1055 621 1231 703 Georgium
1257 620 1431 699 Truchich,
1448 622 1516 682 Ma·

251 725 448 810 theykonem
472 740 504 788 et
527 725 663 809 Petrych
687 726 834 788 atestabit
865 745 961 807 super
994 745 1044 805 eo,
1069 727 1157 808 quod
1188 727 1294 809 ipsum
1318 724 1517 806 Dragozlaus

251 832 389 894 condam
414 850 552 893 assessor
575 831 722 914 turpibus
746 832 852 894 verbis
874 830 1039 895 affecisset.

358 938 435 999 Item
470 957 564 998 causa
597 936 728 998 Iwanini
758 951 790 999 et
821 937 936 999 Paulas
968 952 998 1000 et
1029 958 1085 1020 per
1117 937 1310 1019 Gregorium
1343 955 1455 999 voscar
1486 950 1518 998 et

251 1043 422 1105 Nicolaum
448 1042 573 1105 Odolas
596 1041 637 1104 ad
661 1055 735 1105 octo
760 1043 829 1105 dies
852 1057 980 1125 recepta
1011 1045 1051 1105 ad
1075 1064 1198 1126 pacem.

356 1151 435 1212 Item
460 1151 547 1234 Span
573 1164 688 1213 octavo
712 1150 764 1212 die
789 1163 900 1213 contra
918 1151 1073 1213 Jacobum
1099 1151 1270 1234 pellificem
1288 1151 1320 1212 in
1344 1169 1409 1233 quo
1432 1149 1516 1232 jura·

252 1257 343 1336 verit,
369 1256 456 1318 idem
480 1257 618 1319 Jacobus
642 1256 748 1318 eidem
776 1257 900 1319 solvere
931 1257 1091 1319 tenebitur
1114 1258 1147 1318 in
1180 1255 1361 1338 quindenis,
1385 1269 1516 1338 peracto

251 1363 445 1445 juramento.

360 1469 437 1531 Item
462 1487 557 1531 causa
589 1467 744 1530 Iohannis
775 1468 887 1530 decani
920 1483 951 1531 et
980 1469 1133 1552 Stephani
1165 1484 1211 1532 est
1235 1489 1291 1552 per
1323 1469 1516 1550 Gregorium

250 1574 367 1656 Angeli
394 1588 425 1637 et
449 1575 555 1636 Eliam
581 1573 780 1636 aurifabrum
803 1574 843 1635 ad
868 1590 941 1637 octo
966 1575 1035 1638 dies
1059 1590 1184 1658 recepta
1209 1576 1249 1637 ad
1272 1595 1395 1659 pacem.

358 1682 437 1743 Item
461 1681 654 1742 Benedictus
677 1680 892 1763 Coponouich
918 1696 1026 1743 contra
1052 1681 1246 1764 Gregorium
1270 1681 1387 1763 Angeli
1411 1682 1516 1764 primo
1622 1701 1624 1704 ·

254 1787 369 1849 citatus
392 1807 457 1849 non
482 1787 672 1870 comparuit.

360 1894 438 1955 Item
471 1913 564 1955 causa
596 1893 723 1955 NicoIai
748 1907 779 1955 et
810 1893 934 1955 domiui
962 1895 1080 1957 Donati
1113 1909 1159 1956 est
1188 1895 1229 1957 ad
1259 1906 1334 1956 octo
1359 1892 1427 1954 dies
1456 1894 1516 1955 sub

254 2005 357 2062 Iorma
382 1999 487 2062 fiende
512 2000 598 2082 pacis
621 2014 802 2082 prorogata,
826 2001 900 2082 quia
933 2001 1019 2063 idem
1044 2002 1198 2064 Nicolaus
1222 2001 1348 2063 nullum
1372 2001 1516 2062 testimo-

253 2106 343 2167 nium
362 2106 413 2167 vel
430 2106 539 2187 aliqua
551 2105 620 2184 jura
641 2106 711 2187 ipso
729 2107 867 2167 termino
888 2120 1074 2169 occurrente
1095 2108 1271 2190 producere
1289 2106 1390 2167 valuit
1406 2120 1516 2168 contra

254 2211 406 2289 eundem,
431 2222 466 2271 ut
489 2230 545 2271 sua
569 2230 659 2273 soror
684 2211 785 2273 divisa
802 2211 898 2273 fuerit
921 2233 977 2293 per
993 2228 1116 2296 patrem
1140 2234 1234 2275 suum
1259 2227 1290 2275 et
1312 2226 1457 2275 matrem.

360 2317 437 2378 Item
463 2316 636 2400 Matheyko
662 2332 771 2379 contra
795 2319 865 2379 Noz
890 2319 994 2401 prImo
1019 2321 1132 2382 citatus
1157 2340 1220 2380 non
1246 2319 1434 2402 comparuit.

358 2422 435 2483 Item
459 2422 545 2484 Iwan
570 2435 679 2485 contra
705 2422 873 2486 Chernech
897 2425 1001 2507 primo
1026 2426 1139 2487 citatus
1163 2445 1228 2487 non
1254 2424 1443 2507 comparuit.

358 2527 434 2590 Item
468 2529 622 2590 Nicolaus
655 2542 764 2592 contra
796 2531 938 2592 relictam
973 2531 1141 2593 Chernech
1173 2533 1277 2615 primo
1310 2532 1424 2592 citatus
1448 2551 1514 2593 non

253 2635 443 2716 comparuit.

359 2742 437 2802 Item
463 2740 548 2803 Iwan
573 2756 683 2804 contra
709 2742 886 2825 Georgium
911 2745 1015 2827 primo
1040 2746 1152 2808 citatus
1176 2765 1241 2807 non
1270 2746 1459 2827 comparuit.

360 2849 437 2910 Item
471 2848 643 2911 Chuethko
675 2863 706 2911 et
736 2849 812 2911 Iuan
845 2865 953 2912 contra
987 2850 1164 2933 Georgium
1194 2852 1298 2934 primo
1331 2851 1416 2912 citati
1449 2849 1515 2913 non

254 2967 511 3037 comparuerunt.

360 3060 437 3123 Item
463 3061 570 3122 MalIra
595 3075 704 3123 contra
721 3062 796 3123 Iuan
816 3063 987 3146 Hlebopek
1004 3065 1108 3147 primo
1133 3066 1225 3128 citata
1244 3085 1308 3126 non
1326 3067 1515 3148 comparuit.

359 3167 437 3228 Item
471 3166 526 3228 Sib
559 3167 667 3229 Endre
698 3180 808 3229 contra
840 3169 975 3231 Iuchech
1008 3172 1241 3252 carpentarium
1273 3173 1378 3254 primo
1403 3173 1516 3235 citatus

254 3291 320 3334 non
345 3272 533 3354 comparuit.

359 3376 437 3439 Item
470 3396 563 3438 causa
597 3378 734 3460 Mykech
766 3378 919 3442 institoris
950 3393 981 3443 et
1012 3381 1167 3446 Anthonii
1200 3398 1246 3445 est
1277 3384 1317 3446 ad
1350 3397 1423 3446 octo
1447 3383 1516 3446 dies

255 3497 437 3565 prorogata.

359 3586 437 3649 Item
462 3591 556 3649 Anna
580 3587 694 3651 mulier
711 3603 825 3652 octavo
850 3591 902 3653 die
919 3612 952 3653 se
976 3607 1062 3654 sexta
1086 3593 1202 3676 jurabit
1218 3595 1251 3656 in
1269 3615 1319 3675 eo,
1343 3596 1431 3678 quod
1448 3597 1516 3679 ipsa

254 3692 360 3754 nullas
384 3694 622 3757 incantaciones
645 3714 694 3759 ser
718 3696 894 3760 Benedicto
919 3699 1087 3762 intulisset.

279 3891 378 3968 Perta
406 3903 506 3969 sexta
533 3901 688 3987 proxima
715 3906 793 3989 post
819 3901 943 3972 testum
971 3901 1169 3974 Nativitatis
1207 3906 1297 3977 beati
1325 3906 1489 3997 Iohannis

799 4024 961 4113 Baptiste.

781 4173 848 4256 (26.
871 4176 980 4254 jumi).

358 4309 467 4372 Primo
509 4311 684 4394 Dyonisius
726 4327 815 4377 sutor
853 4330 961 4380 contra
999 4321 1120 4382 Lucam
1154 4323 1259 4404 primo
1302 4326 1414 4388 citatus
1450 4348 1515 4390 non

254 4416 443 4497 comparuit.

359 4520 438 4583 Item
463 4523 592 4587 Sorsich
616 4526 783 4589 Emericus
808 4542 839 4592 et
863 4530 974 4593 Petrus
1005 4547 1114 4597 contra
1139 4536 1317 4601 Iohannem
1343 4541 1448 4623 primo
1472 4542 1515 4604 ci·

253 4624 310 4687 tati
334 4645 400 4688 non
421 4645 693 4712 comparueruntt.

359 4731 438 4794 Item
462 4734 626 4798 Iohannes
649 4752 759 4802 contra
784 4741 992 4805 Salomonem
1017 4761 1130 4809 octavo
1155 4749 1207 4811 die
1230 4753 1448 4835 respondebit.
