3472 5234
281 334 321 394 30
685 315 771 373 Anno
796 326 882 391 1375.
908 348 948 358 —
973 310 1004 375 8.
1018 314 1114 390 junii.

386 523 463 585 ltem
489 523 566 584 luan
590 537 700 585 contra
724 524 854 586 Petrum
878 524 976 586 tercio
1005 506 1118 585 citatus
1141 544 1207 585 non
1233 525 1414 607 comparuit
1438 544 1545 607 neque

278 629 374 691 misit.

330 738 333 744 '
385 734 463 796 ltem
488 735 612 817 Symon
637 733 721 816 Zyrk
749 747 858 796 contra
889 735 1056 796 Vrbanum
1081 735 1121 796 ad
1155 735 1343 797 mandatum
1368 734 1544 817 juratorum

277 859 345 901 non
369 842 558 924 comparuit.

436 1058 533 1134 Faria
561 1068 661 1133 sexta
688 1065 844 1151 proxima
871 1070 950 1135 ante
977 1064 1101 1135 festum
1129 1064 1377 1138 Penthecostes.

828 1209 873 1291 (8.
888 1216 997 1293 juna).

386 1355 494 1416 Primo
519 1354 643 1437 Cykwk
668 1374 740 1416 cum
765 1355 829 1416 suis
850 1355 1004 1437 proximis
1028 1356 1196 1439 Dyonisio,
1221 1357 1469 1420 Paradechalma
1486 1377 1542 1419 vo·

278 1475 362 1541 cato,
384 1476 494 1522 nostro
518 1461 655 1539 concivi,
679 1481 781 1523 unum
799 1462 953 1523 eubulum
971 1462 1051 1524 milii
1076 1477 1202 1526 tenetur
1226 1465 1259 1525 in
1283 1464 1457 1546 quindenis
1472 1483 1543 1546 per·

278 1567 481 1629 solvendum.

384 1673 462 1735 ltem
496 1692 589 1734 causa
623 1673 748 1735 Lucasii
779 1674 952 1737 sacerdotis
984 1689 1015 1738 et
1044 1675 1141 1738 Marci
1175 1690 1221 1738 est
1251 1696 1309 1760 per
1333 1676 1489 1737 Martinos
1513 1690 1544 1738 et
1626 1701 1631 1708 ·

277 1780 433 1841 Jacobum
458 1779 629 1862 pellificem
654 1779 694 1841 ad
718 1780 899 1860 quindenas
922 1796 1049 1865 recepta
1073 1784 1113 1844 ad
1137 1803 1260 1865 pacem.

383 1885 462 1948 ltem
487 1885 653 1947 Emericus
677 1898 786 1947 contra
803 1886 967 1950 Andream
983 1888 1120 1950 condam
1145 1889 1283 1970 juratum
1300 1889 1405 1972 primo
1430 1889 1543 1951 citatus

279 2012 345 2054 non
371 1993 559 2075 comparuit.

385 2100 461 2160 ltem
486 2118 579 2160 causa
605 2099 800 2161 Hrexinicha
824 2112 855 2162 et
872 2100 1015 2181 magistri
1041 2100 1131 2162 Pauli
1149 2113 1195 2161 est
1218 2120 1275 2183 per
1291 2113 1386 2162 testes
1409 2101 1450 2162 ad
1467 2116 1540 2163 octo

276 2204 344 2265 dies
369 2218 493 2286 recepta
518 2203 559 2265 ad
583 2224 707 2287 pacem.
1177 2286 1180 2292 Ι

382 2310 460 2371 ltem
484 2330 577 2372 causa
602 2311 727 2373 Nicolai
752 2326 783 2373 et
806 2311 969 2373 Dominici
994 2310 1074 2373 labri
1092 2325 1139 2374 est
1162 2332 1218 2394 per
1243 2311 1429 2375 Ladislaum
1453 2314 1537 2376 tular

277 2415 318 2476 ad
342 2429 415 2478 octo
440 2416 509 2479 dies
533 2431 657 2500 recepta
681 2418 722 2479 ad
745 2438 869 2500 pacem.
982 2428 985 2433 '
1531 2409 1535 2416 ¹

317 2526 318 2529 ’
383 2522 460 2585 ltem
487 2522 667 2606 Stephanus
691 2525 836 2586 atestavit
863 2545 919 2608 per
942 2525 1105 2587 Andream
1130 2538 1161 2587 et
1179 2524 1291 2586 Sidam
1316 2525 1404 2606 quod
1429 2526 1538 2610 Supan

199 2659 202 2665 ·
276 2628 423 2689 sacerdos
447 2650 464 2690 a
489 2629 597 2711 Lepka
622 2630 784 2710 quendam
811 2629 947 2691 fundum
970 2630 1031 2691 sibi
1065 2630 1236 2691 dimisisset
1259 2643 1290 2692 et
1313 2631 1492 2713 legavisset.

382 2735 458 2795 ltem
484 2749 598 2796 octavo
626 2735 677 2796 die
712 2735 867 2798 Salomon
899 2736 1111 2798 instrumenta
1136 2735 1270 2797 literalia
1302 2737 1444 2799 Brumcn
1468 2739 1538 2800 red-

277 2839 482 2903 mmdmm
1039 2823 1042 2829 ¹
1198 2824 1201 2831 ’

381 2945 460 3008 ltcm
484 2948 624 3009 Brumen
650 2962 760 3011 contra
784 2948 955 3010 luaninum
979 2960 1094 3011 octavo
1119 2949 1170 3012 die
1194 2949 1410 3032 respondebit.

382 3052 460 3115 ltem
496 3052 649 3116 Clemens
687 3068 796 3115 contra
828 3054 1000 3116 Nicolaum
1035 3055 1227 3137 piscatorem
1258 3067 1372 3117 octavo
1407 3055 1458 3116 die
1491 3076 1539 3118 re·

275 3158 459 3237 spondebit.

270 3321 271 3327 ,
381 3262 460 3323 ltem
484 3277 598 3324 octavo
623 3263 674 3325 die
692 3263 803 3326 fratres
828 3266 969 3328 minores
993 3280 1024 3327 et
1040 3266 1188 3328 sacerdos
1212 3267 1311 3327 sancti
1336 3267 1435 3328 Marci
1451 3267 1538 3330 testi-

277 3367 422 3428 monium
446 3370 624 3450 producent
647 3391 742 3452 super
767 3371 906 3452 quadam
931 3373 1030 3434 domo
1052 3373 1129 3456 ipsis
1157 3373 1260 3454 legata
1284 3393 1341 3454 per
1363 3373 1538 3454 quamdam

276 3472 445 3534 mulierem
471 3475 510 3535 de
534 3475 605 3537 vico
631 3476 748 3540 lutoso.
