3472 5234
676 317 759 372 Auno
785 327 870 392 1377.
903 350 936 357 -
960 329 1011 390 29.
1036 318 1115 376 maii.

377 526 453 586 Item
478 546 572 588 causa
604 527 746 607 magistri
779 526 904 587 Nicolai
938 525 994 587 filii
1027 525 1201 588 Alexandri
1234 539 1266 587 et
1299 525 1452 607 Stephani
1478 525 1535 587 filii

272 631 405 713 Chopor
421 647 466 692 est
483 632 522 693 ad
541 631 854 713 qulntumdecimum
875 631 961 693 diem
979 647 1149 713 prorogata
1166 633 1294 694 racione
1318 632 1531 714 quarumdam

269 737 519 820 possessionum,
544 739 582 799 de
607 739 725 818 quibus
745 738 850 818 ipsum
875 737 978 799 dictus
996 737 1175 820 Stephanus
1192 738 1357 819 prohibuit
1381 752 1413 800 et
1436 738 1534 799 inter-

269 843 358 921 dixit,
382 857 417 905 ut
442 845 511 926 ipso
536 844 673 905 termino
698 857 802 924 partes
826 843 967 924 predicte
992 843 1060 925 jura
1085 844 1263 927 ptuducere
1287 844 1462 908 debebunt.

375 967 453 1029 Item
486 968 594 1029 Mathe
625 981 714 1029 sutor
747 983 856 1029 contra
889 969 1109 1031 Lehcumuald
1145 968 1288 1030 secundo
1323 969 1437 1030 citatus
1468 988 1534 1030 non

270 1075 460 1155 comparuit.

375 1179 451 1240 Item
477 1179 666 1240 Pauerlinus
690 1192 799 1242 contra
832 1180 1052 1242 Lehcumuald
1084 1182 1189 1264 primo
1218 1181 1331 1242 citatus
1354 1200 1419 1243 non
1444 1200 1532 1244 com·

268 1285 385 1366 paruit.

373 1392 451 1455 Item
477 1394 583 1454 Loure
615 1391 692 1453 feria
727 1394 822 1454 tercia
857 1413 912 1474 per
944 1393 1079 1455 Paulum
1112 1393 1152 1455 de
1183 1393 1369 1477 Lomnycha
1394 1407 1426 1457 et
1458 1393 1533 1456 Cle·

268 1513 410 1560 mentem
437 1498 617 1560 carnificem
642 1499 789 1562 atestabit
813 1512 922 1561 contra
947 1499 1131 1562 Bedicham.

376 1623 453 1684 Item
471 1621 631 1703 Georgius
655 1643 793 1684 assessor
810 1622 938 1685 Genino
962 1623 994 1684 in
1019 1622 1192 1709 quindenis
1208 1623 1267 1684 XV
1286 1622 1355 1686 flor.
1380 1624 1532 1686 exsolvet.

373 1730 452 1791 Item
476 1729 660 1791 Alexander
677 1743 785 1791 contra
812 1729 975 1791 Geninum
996 1730 1101 1812 primo
1119 1730 1232 1790 citatus
1248 1748 1314 1790 non
1339 1731 1531 1810 comparuit.

372 1836 450 1896 Item
476 1834 628 1896 Malinich
646 1849 756 1897 contra
769 1836 941 1897 Nicolaum
958 1835 1100 1898 secundo
1117 1835 1230 1897 citatus
1252 1855 1317 1897 non
1342 1836 1530 1918 comparuit.

371 1940 449 2001 Item
474 1940 541 2002 Cus
564 1953 675 2003 contra
699 1941 893 2023 Dyonisium
921 1940 1047 2003 fabrum
1080 1940 1185 2024 prImo
1216 1941 1330 2003 citatus
1354 1961 1419 2003 oon
1444 1959 1531 2002 com·

267 2045 384 2126 paruit.

373 2151 451 2213 Item
475 2152 664 2215 Pauerlinus
695 2168 805 2215 contra
836 2152 990 2216 Mathiam
1015 2166 1158 2214 sutorem
1191 2152 1296 2235 primo
1327 2152 1441 2213 citatus
1463 2170 1529 2213 non

266 2258 455 2339 comparuit.

371 2365 449 2426 Item
474 2364 582 2427 Mathe
606 2379 716 2427 contra
733 2364 912 2426 Iohannem
937 2365 1043 2447 primo
1067 2366 1180 2427 citatus
1204 2385 1269 2427 non
1295 2365 1484 2447 comparuit.

288 2475 291 2480 ’
372 2489 450 2551 Item
464 2491 582 2552 Paulus
594 2503 704 2552 contra
716 2490 822 2552 Mathe
832 2503 973 2551 sutorem
985 2489 1127 2551 secundo
1138 2491 1250 2551 citatus
1263 2510 1328 2551 non
1338 2489 1528 2572 comparuit.

373 2595 451 2657 Item
477 2596 648 2658 Chuethlxo
673 2609 782 2658 contra
814 2596 1015 2658 Anthonium
1049 2597 1191 2658 secundo
1216 2597 1329 2659 citatus
1352 2615 1417 2658 non
1441 2615 1528 2659 com-

266 2702 382 2782 paruit.

371 2808 449 2870 Item
476 2808 635 2890 Georgius
659 2810 831 2891 calcaripar
863 2822 973 2870 contra
1001 2806 1174 2892 Gyuanum
1199 2808 1304 2890 primo
1331 2809 1444 2871 citatus
1461 2827 1527 2871 non

265 2916 453 2997 comparuit.

370 3021 448 3082 Item
473 3023 622 3082 Marenus
647 3035 756 3082 contra
781 3020 865 3083 lwan
893 3022 963 3082 Noa
987 3022 1091 3102 primo
1117 3021 1229 3081 citatus
1254 3041 1317 3083 non
1336 3020 1527 3102 comparuit.

370 3127 448 3187 Item
474 3128 608 3188 Mathias
631 3127 857 3208 stipendiarius
888 3126 1015 3188 Genino
1035 3127 1159 3188 domini
1184 3127 1351 3188 Jacomelli
1376 3127 1408 3188 in
1433 3126 1527 3208 quin·

264 3231 354 3292 denis
378 3233 563 3313 quindecIm
588 3232 656 3295 flor.
682 3234 749 3293 auri
775 3232 927 3297 exsolvet.

370 3356 447 3416 Item
473 3357 576 3417 Lucas
607 3356 736 3437 sellipar
768 3370 881 3417 octavo
913 3356 964 3417 die
996 3371 1105 3418 contra
1130 3356 1310 3419 Iohannem
1342 3356 1465 3418 Dedich
1489 3377 1523 3419 se

263 3474 368 3522 sextus
392 3461 508 3542 jurabit
534 3462 565 3522 in
590 3481 639 3539 eo,
664 3461 752 3542 quod
778 3462 843 3542 ipse
868 3481 924 3522 sua
949 3462 1082 3523 literalia
1104 3463 1323 3542 Instrumenta,
1348 3482 1410 3544 qua
1434 3462 1522 3544 apud

265 3566 369 3648 ipsum
394 3581 612 3628 conservasset
628 3567 886 3649 possessionum,
909 3568 1012 3629 nullas
1036 3568 1145 3630 fecerit
1169 3568 1388 3631 fraudulenter
1410 3569 1466 3630 sed
1490 3569 1524 3631 in

263 3675 523 3734 concremacione
548 3674 683 3734 civitatis
705 3673 846 3755 predicte
871 3673 1045 3735 extitissent
1071 3673 1305 3756 (concremate).

369 3796 447 3859 Item
472 3796 591 3858 Paulus
615 3797 723 3879 Kypar
747 3810 855 3857 contra
880 3795 1056 3877 Georgium
1074 3816 1263 3859 assessorem
1289 3797 1394 3880 ptimo
1410 3798 1524 3860 citatus

263 3921 327 3963 non
353 3903 542 3984 comparuit.

367 4008 445 4070 Item
463 4009 658 4070 Laurencius
671 4022 781 4072 contra
791 4008 990 4090 Stephanum
1003 4009 1108 4091 primo
1126 4009 1239 4072 citatus
1252 4029 1316 4071 non
1332 4009 1523 4092 comparuit.

260 4244 357 4318 Ieria
385 4256 483 4318 sexta
513 4250 668 4336 proxima
694 4255 771 4336 post
799 4247 920 4317 festum
949 4249 1177 4318 sacratissimi
1206 4249 1358 4335 corporis
1387 4245 1521 4318 Christi.

797 4399 861 4473 (29.
892 4397 988 4471 neoti).

366 4540 443 4602 Item
469 4541 628 4622 Georgius
652 4554 760 4601 contra
786 4539 963 4600 iohannem
997 4554 1111 4601 octavo
1136 4540 1189 4602 die
1214 4539 1432 4622 respondebit.

366 4647 443 4709 Item
468 4647 576 4709 relicta
601 4645 779 4709 Sebastiam
813 4658 923 4707 contra
951 4645 1132 4708 iohannem
1157 4648 1273 4709 Lieber
1297 4647 1402 4727 primo
1425 4645 1520 4708 citata

261 4769 325 4811 non
350 4752 538 4834 comparuit.
