3472 5234
668 375 753 432 Anno
776 384 863 450 1377.
891 406 927 416 —
947 389 982 449 3.
999 374 1084 449 julii.

352 587 429 649 Item
463 585 624 666 Georgius
654 598 685 645 et
717 584 814 667 Myle
846 598 960 646 octavo
991 583 1042 644 die
1074 595 1184 644 contra
1207 586 1346 663 Annam,
1377 582 1514 664 quilibet

247 694 390 777 ipsorum
415 713 448 755 se
481 691 608 771 tercius,
631 689 781 772 jurabunt
805 689 837 752 in
862 709 911 768 e0,
935 688 1022 771 quod
1047 689 1108 770 ipsi
1131 707 1221 750 suam
1253 687 1423 751 clamidem
1446 709 1512 750 non

247 798 437 861 iuravissent
461 817 519 860 nec
543 795 648 859 furem
671 797 798 859 scirent.

353 925 430 986 Item
453 937 558 984 textor
581 934 697 983 octavo
730 920 782 982 die
806 940 862 1002 per
892 919 1029 981 Paulum
1053 920 1228 998 literatum,
1261 918 1512 982 Chuethkonem

247 1044 279 1093 et
312 1030 512 1113 Mychaelem
545 1027 704 1110 Damyani
736 1026 883 1089 atestabit
915 1026 947 1087 in
980 1046 1030 1106 eo,
1062 1026 1151 1107 quod
1177 1024 1337 1107 Georgius
1368 1026 1512 1089 literatus

246 1155 336 1198 suam
361 1155 495 1197 uxorem
519 1133 744 1196 verberaverit.

351 1261 430 1323 ltern
455 1278 549 1322 causa
572 1279 622 1320 ser
639 1257 804 1320 Benedicti
829 1270 861 1319 et
880 1261 973 1320 Anne
991 1258 1136 1319 mulieris
1160 1269 1207 1319 est
1230 1277 1286 1340 per
1310 1256 1511 1318 Anthonium

246 1365 370 1428 Jursich
394 1378 425 1428 et
449 1364 619 1427 Nicolaum
645 1362 820 1425 Odolasich
845 1361 884 1424 ad
907 1375 980 1424 octo
1005 1362 1072 1424 dies
1100 1375 1226 1446 recepta
1251 1361 1291 1422 ad
1317 1381 1440 1443 pacem.

351 1491 429 1553 Item
454 1490 515 1551 Ale
539 1502 571 1551 et
594 1488 699 1550 lwana
724 1487 875 1549 mulieres
906 1507 939 1548 se
962 1487 1180 1548 submiserunt
1210 1485 1398 1547 testimonio
1424 1485 1509 1547 Petri

245 1609 275 1658 et
298 1616 355 1658 sue
379 1595 490 1657 uxoris
514 1595 553 1656 de
578 1594 726 1656 verberio
752 1594 891 1675 ipsarum
916 1605 1030 1654 octavo
1055 1592 1117 1654 die.

351 1704 428 1766 Item
453 1722 546 1763 causa
572 1700 704 1782 Georgii
730 1713 761 1761 et
791 1698 942 1762 Chuethk
966 1713 1012 1760 est
1035 1719 1091 1781 per
1115 1699 1318 1762 Clementem
1343 1711 1373 1761 et
1396 1698 1512 1760 Paulas

245 1809 285 1871 ad
309 1824 382 1872 octo
407 1810 476 1871 dies
500 1820 626 1889 recepta
650 1807 690 1868 ad
715 1825 837 1888 pacem.

349 1934 427 1996 lrem
454 1933 572 1994 Cosma
597 1929 757 1993 aurifaber
781 1951 837 2012 per
862 1929 1111 1992 Chuethkonem
1136 1942 1166 1992 et
1184 1930 1347 1992 Thomam
1372 1950 1408 1992 ac
1426 1930 1508 1992 duos

245 2038 408 2101 carnifices
443 2038 591 2101 atestabit
625 2050 739 2099 octavo
775 2036 827 2098 die
862 2057 956 2119 super
987 2050 1090 2098 morte
1123 2037 1218 2098 unius
1250 2035 1367 2119 bovile)
1400 2049 1510 2099 contra

245 2145 423 2228 Georgium
448 2145 688 2226 calcariparum.

349 2252 427 2313 ltern
452 2251 633 2312 Alexander
657 2263 765 2312 contra
790 2251 937 2312 Markum
962 2249 1067 2332 primo
1092 2249 1205 2311 citatus
1228 2269 1294 2311 non
1321 2250 1509 2331 comparuit.

351 2376 428 2438 ltem
454 2377 554 2438 Cussa
587 2375 703 2437 mulier
734 2394 814 2436 uxor
837 2373 1036 2436 Nedellronis
1067 2394 1100 2435 ae
1132 2387 1242 2435 contra
1268 2373 1409 2435 iwanum
1436 2386 1508 2436 eta

245 2481 325 2545 facie
349 2482 427 2564 juris
451 2495 580 2565 propter
605 2479 724 2543 lurtum
749 2481 937 2542 absentavit.

351 2607 428 2668 Item
453 2605 607 2668 Nicolaus
631 2604 767 2666 condam
792 2603 887 2685 judex
918 2604 1071 2665 Puuinam
1097 2617 1235 2666 statuere
1260 2605 1356 2667 debet
1377 2604 1429 2666 die
1454 2625 1507 2667 oc·

244 2726 329 2792 tavo‚
343 2734 401 2796 pro
414 2734 480 2794 quo
490 2726 535 2774 est
546 2711 724 2790 fideiussor,
737 2724 847 2772 contra
861 2710 1059 2793 Stephanum
1074 2710 1220 2773 Pundich
1234 2711 1507 2793 respondendum.

349 2839 427 2899 ltem
452 2838 537 2898 lwan
562 2849 676 2899 octavo
701 2836 752 2896 die
777 2849 886 2898 contra
908 2835 1075 2899 Chernech
1099 2855 1234 2918 parvum
1259 2835 1377 2918 jurabit
1399 2857 1433 2898 se
1457 2857 1505 2899 se-

245 2944 369 3006 cundus
393 2944 424 3004 in
451 2963 501 3022 eo,
518 2943 607 3024 quod
631 2961 690 3003 nec
708 2942 774 3024 ipse
792 2961 850 3003 nec
867 2963 923 3004 sua
948 2962 1027 3003 uxor
1043 2962 1119 3004 suos
1139 2943 1246 3023 pullos
1262 2963 1328 3003 non
1345 2940 1506 3007 iuraverit.

349 3068 427 3128 Item
452 3087 545 3128 causa
578 3066 715 3128 Vidonis
747 3078 777 3128 et
809 3066 933 3149 Cupich
967 3080 1013 3128 est
1037 3081 1109 3149 post
1139 3087 1233 3128 suum
1258 3067 1433 3131 adventurn
1465 3070 1506 3131 ad

242 3174 382 3256 primum
406 3172 562 3254 judicium
587 3192 643 3254 per
667 3173 806 3252 judicem
831 3187 1012 3253 prorogata.

348 3298 425 3358 Item
459 3297 570 3358 Marko
603 3295 687 3357 filius
719 3295 879 3356 Leonardi
912 3309 1020 3356 contra
1055 3295 1236 3358 Johannem
1262 3297 1425 3360 Chemerii
1457 3321 1505 3362 se·

243 3403 349 3465 cundo
373 3403 487 3463 citatus
511 3421 575 3462 non
601 3401 790 3481 comparuit.

348 3526 425 3587 Item
451 3523 558 3586 Mathe
583 3537 691 3586 contra
718 3525 854 3586 Paulum
871 3523 974 3586 filium
1000 3525 1164 3589 benedicti
1181 3529 1287 3609 primo
1312 3528 1425 3592 citatus
1439 3550 1504 3592 non

242 3631 433 3713 comparuit.

348 3736 424 3797 Item
450 3735 524 3816 quia
542 3735 695 3796 Nicolaus
712 3735 796 3797 filius
817 3736 994 3798 Martinlrus
1011 3753 1119 3800 contra
1144 3738 1313 3801 dominum
1339 3741 1504 3803 Donatum

243 3841 334 3902 nullo
359 3841 490 3921 ingenio
515 3841 565 3902 vel
591 3841 710 3919 colore,
744 3842 930 3904 testimonio
954 3844 1006 3905 vel
1031 3844 1146 3906 literali
1179 3845 1391 3907 instrumento
1415 3867 1503 3909 com·

243 3947 381 4028 probare
413 3947 518 4028 potuit
548 3947 578 4007 in
611 3947 756 4008 terminis
787 3948 846 4008 sibi
884 3949 1051 4029 assignatis
1086 3964 1116 4011 et
1140 3950 1309 4032 deputatis,
1335 3966 1370 4015 ut
1404 3973 1504 4033 soror,

243 4051 380 4112 condam
406 4070 536 4112 consors
559 4052 692 4133 predicti
718 4053 841 4114 domini
875 4053 1003 4132 Donati,
1036 4055 1136 4116 divisa
1162 4054 1274 4132 fuerit;
1298 4059 1504 4121 medietatem

243 4156 333 4219 fundi
360 4172 390 4219 et
414 4157 585 4219 domorum
611 4159 708 4240 patris
725 4159 824 4241 ipsius
848 4159 974 4221 Nicolai
998 4174 1029 4221 et
1052 4161 1189 4222 aliorum
1214 4163 1373 4225 bonorum
1397 4164 1504 4226 eidem

241 4264 374 4326 domino
400 4264 527 4325 Donato
551 4279 580 4326 et
606 4284 759 4346 pereum
783 4266 848 4327 suis
871 4264 1043 4327 heredibus
1067 4267 1322 4347 adjudicavimus
1345 4284 1502 4352 perpetuo

241 4368 468 4450 possidendam
493 4382 524 4431 et
546 4369 739 4432 habendam.

346 4493 424 4554 Item
450 4491 595 4555 Thomas
627 4508 716 4556 sutor
747 4506 857 4556 contra
889 4494 1025 4556 Paulum
1058 4494 1183 4558 labrum
1215 4499 1357 4561 secundo
1388 4499 1502 4562 citatus

239 4616 305 4658 non
330 4599 519 4681 comparuit.

337 4719 422 4783 'Item
454 4740 548 4784 causa
581 4722 749 4784 Elizabeth
773 4736 805 4785 et
837 4723 962 4786 Nicolai
996 4736 1042 4787 eat
1071 4744 1128 4808 per
1158 4725 1298 4808 judicem
1329 4742 1502 4810 prorogata

239 4825 363 4888 *mdiu
386 4845 533 4909 quosque
556 4827 589 4890 in
620 4829 784 4911 presencia
816 4829 1042 4914 archidyaconi
1066 4849 1160 4892 causa
1193 4832 1337 4914 ipsorum
1360 4831 1501 4898 finietur.
