3472 5234
609 297 695 354 Anno
719 305 805 371 1375.
828 328 872 339 -
895 308 945 370 23.
962 295 1122 369 febmarr'r'.

320 534 417 607 laria
445 542 543 607 sexta
571 536 725 623 proxima
754 539 831 604 ante
859 532 982 603 festum
1010 534 1099 604 beati
1128 531 1262 622 llathey
1290 532 1447 621 apostoli.

758 685 820 762 (23.
837 683 1013 760 februaria).

355 828 463 889 Primo
496 845 588 888 causa
621 825 735 886 Niclau
766 837 797 886 et
827 824 903 885 luan
928 843 990 905 per
1021 823 1193 884 Nicolaum
1224 823 1293 885 Ban
1324 835 1356 883 et
1378 820 1511 884 alterum

249 935 419 996 Nicolaum
445 933 533 1014 Ceep
557 945 603 994 est
627 930 665 992 ad
691 943 764 992 octo
789 929 858 991 dies
880 944 1007 1011 recepta
1032 929 1070 990 ad
1097 948 1218 1011 pacem.

354 1039 432 1100 ltenr
457 1038 611 1099 Salomon
635 1049 749 1097 octavo
783 1034 835 1097 die
859 1035 1006 1097 ostendet
1037 1055 1093 1118 per
1116 1036 1195 1098 Wlk
1219 1035 1512 1097 molendinatorem

250 1160 280 1208 et
305 1147 439 1223 Mareas,
464 1143 552 1225 quod
576 1143 681 1225 ipsum
715 1141 792 1203 Sida
815 1141 885 1203 vice
909 1162 965 1203 sua
981 1141 1155 1204 dimisisset
1170 1141 1350 1224 specialiter
1374 1142 1407 1203 in
1424 1161 1511 1203 corn·

249 1251 392 1313 missoria
416 1250 510 1333 Vydk
535 1249 591 1311 filii
616 1248 773 1332 Vydonis.

354 1356 432 1418 ltem
458 1356 612 1418 Salomon
638 1367 752 1416 octavo
777 1352 828 1414 die
847 1373 903 1436 per
920 1354 1099 1415 Barnabam
1123 1353 1333 1433 sacerdotem,
1349 1353 1428 1416 Wlk
1445 1373 1513 1416 mo·

248 1461 645 1540 lendinatorem,luanum
676 1458 826 1537 Plauech,
860 1457 1029 1522 Nicolaum
1060 1459 1284 1541 joculatorem,
1307 1459 1513 1523 Clementem

144 1629 153 1646 ,
248 1569 350 1631 filium
375 1568 484 1630 Jacobi
510 1587 604 1649 super
636 1585 687 1644 eo,
717 1565 803 1647 quod
829 1564 980 1627 sibifilia
1016 1566 1093 1627 luan
1117 1565 1175 1627 filii
1200 1565 1419 1628 Obramkonis
1442 1585 1514 1627 suas

248 1675 362 1737 domos
386 1674 557 1735 dimisisset
581 1686 612 1734 et
634 1673 780 1753 legasset.

353 1780 432 1842 ltem
456 1784 548 1840 Anna
567 1778 711 1840 atestavir
727 1797 783 1859 per
800 1776 997 1856 Chernlram,
1014 1781 1153 1856 Annam,
1172 1778 1406 1857 Sebestianum,
1423 1778 1511 1859 quod

248 1887 307 1948 sibi
333 1885 485 1946 Nicolaus
508 1883 592 1945 filius
615 1881 780 1945 Benedicti
799 1881 881 1943 duos
904 1881 1044 1944 florenos
1061 1883 1240 1964 legavisset,
1258 1883 1344 1966 ipsos
1368 1883 1400 1945 in
1418 1884 1512 1965 quin-

247 1991 338 2053 denis
363 1990 593 2073 persolvendos
616 2008 778 2071 possessor
802 1988 945 2071 ipsarum
970 1988 1150 2052 domorum.

354 2097 432 2158 ltem
456 2116 550 2157 causa
570 2095 698 2156 Martini
723 2107 754 2155 et
776 2093 931 2177 alteri(us)
956 2095 1084 2156 Martini
1106 2108 1153 2156 est
1174 2115 1231 2178 per
1247 2096 1392 2175 luanum,
1409 2093 1513 2175 Jolan,

248 2204 364 2284 Mykus
388 2216 418 2262 et
442 2200 599 2261 Wrouich
623 2199 664 2261 ad
688 2213 761 2261 octo
786 2200 854 2261 dies
877 2214 1005 2283 recepta
1029 2200 1069 2262 ad
1092 2221 1215 2283 pacem.

352 2308 429 2369 ltem
455 2306 615 2387 Georgius
639 2306 723 2367 ribar
748 2319 857 2368 contra
887 2307 1044 2368 Jacobunr
1068 2319 1182 2369 octavo
1219 2306 1271 2367 die
1295 2307 1511 2390 respondebit.

351 2413 428 2474 ltem
453 2411 669 2494 possessiones
692 2412 817 2473 Nicolai
847 2411 904 2473 filii
936 2413 1013 2473 Jurk
1038 2412 1120 2474 inter
1150 2413 1353 2475 Anthonium
1377 2427 1408 2476 et
1431 2413 1511 2475 Dra·

248 2538 365 2601 gauam
390 2532 503 2579 octavo
528 2518 579 2579 die
611 2517 795 2579 dividentur
816 2517 983 2598 equaliter,
1013 2517 1122 2579 debita
1153 2532 1271 2598 autem,
1299 2519 1324 2580 si
1350 2540 1412 2600 qua
1437 2519 1513 2582 dicti

248 2625 373 2686 Nicolai
398 2637 501 2702 erunt,
524 2625 617 2685 ambe
641 2637 745 2706 partes
767 2624 891 2686 solvere
916 2626 1120 2686 tenebuntur.

353 2731 430 2791 ltern
454 2750 547 2791 causa
574 2729 706 2811 Georgii
730 2728 787 2791 filii
814 2730 969 2791 Hermani
1003 2745 1034 2793 et
1058 2731 1214 2792 Anthonii
1239 2745 1285 2793 est
1308 2731 1349 2793 ad
1372 2732 1512 2815 primum

247 2836 402 2917 judicium
419 2849 490 2918 post
507 2836 651 2896 medium
668 2835 912 2916 quadragesime
930 2851 1112 2919 prorogata,
1137 2856 1230 2898 causa
1254 2837 1514 2918 investigacionis

247 2942 442 3004 florenorum
465 2941 664 3024 perditorum
688 2962 743 3024 per
767 2943 872 3023 ipsum
898 2941 1086 3023 Georgium.

354 3049 431 3109 ltem
456 3048 531 3108 luan
558 3061 666 3108 contra
692 3047 827 3108 Paulum
852 3061 965 3109 octavo
990 3048 1041 3109 die
1066 3047 1283 3130 respondebit.

355 3154 432 3214 ltem
459 3173 552 3213 causa
577 3152 702 3214 Ferlich
728 3153 805 3213 luan
836 3167 867 3213 et
891 3154 1047 3214 Johannis
1070 3167 1117 3215 est
1148 3173 1204 3235 per
1229 3153 1409 3236 Georgium
1434 3155 1513 3219 Ger-

251 3259 326 3320 dine
350 3259 390 3319 ad
414 3273 487 3319 octo
513 3258 580 3319 dies
604 3272 729 3340 recepta
753 3258 793 3319 ad
816 3278 939 3340 pacem.

356 3365 433 3424 ltern
464 3384 557 3425 causa
590 3363 730 3445 Philippi
770 3376 800 3425 et
829 3363 1078 3426 Huzarenouich
1111 3378 1158 3425 est
1188 3385 1245 3447 per
1274 3367 1441 3428 Marenum
1473 3368 1514 3430 ad

251 3484 324 3532 octo
348 3470 416 3530 dies
440 3482 566 3551 recepta
590 3468 630 3530 ad
654 3489 776 3551 pacem.

356 3577 434 3638 ltem
457 3576 609 3637 Nicolaus
633 3588 743 3637 contra
768 3575 946 3658 Georgium
975 3590 1089 3638 octavo
1114 3577 1166 3638 die
1190 3579 1408 3660 respondebit.

356 3683 433 3743 ltem
459 3702 552 3743 causa
577 3682 686 3742 Punek
719 3695 750 3743 et
775 3682 928 3764 Stephani
952 3697 998 3743 est
1031 3702 1086 3764 per
1111 3683 1290 3745 Francham
1314 3683 1513 3748 aurifabrum

252 3802 282 3850 et
306 3790 473 3849 Marenum
499 3787 538 3848 ad
563 3802 637 3849 octo
662 3787 729 3848 dies
757 3801 883 3870 recepta
908 3788 948 3851 ad
971 3809 1095 3871 pacem.

356 3894 434 3955 ltem
459 3893 605 3975 Mychael
640 3893 796 3976 Damyani
828 3908 943 3957 octavo
972 3894 1024 3956 die
1056 3914 1112 3977 per
1136 3895 1307 3957 Nicolaum
1332 3895 1432 3958 filium
1458 3899 1513 3959 Ni-

253 4000 334 4061 colai
360 3999 416 4060 filii
450 3999 614 4062 Benedicti
645 4012 676 4061 et
709 4000 933 4062 Sebestianum
964 4015 1104 4062 sutorem
1136 4021 1172 4062 ac
1204 4000 1380 4082 Georgium
1411 4002 1512 4066 lilium

252 4104 417 4187 Stephani,
448 4106 473 4165 si
494 4106 649 4183 venerint,
681 4107 902 4168 testimonium
926 4106 1082 4188 producet
1113 4127 1208 4189 super
1238 4127 1288 4186 eo,
1323 4107 1411 4190 quod
1446 4110 1513 4192 ipse

253 4211 439 4272 Bankonem
463 4231 496 4272 se
521 4210 726 4273 defendendo
749 4213 956 4274 vulnerasset.

358 4316 434 4377 ltem
460 4317 568 4378 relicta
594 4316 718 4378 Nicolai
743 4317 895 4380 aurifabri
928 4331 1037 4380 contra
1062 4319 1138 4381 luan
1163 4319 1305 4381 secundo
1329 4320 1423 4384 citata
1446 4342 1511 4384 non

252 4421 440 4502 comparuit.

358 4526 436 4587 ltem
460 4546 554 4589 causa
576 4528 728 4609 Stephani
752 4529 1019 4592 molendinatoris
1043 4543 1074 4592 et
1090 4532 1181 4592 Mark
1205 4544 1252 4594 est
1275 4552 1331 4614 per
1354 4545 1448 4594 testes
1471 4533 1511 4595 ad

252 4645 325 4693 octo
350 4631 418 4693 dies
440 4647 567 4715 recepta
590 4634 630 4695 ad
655 4654 777 4716 pacem.

357 4737 436 4799 ltem
462 4739 617 4801 Martinus
640 4741 856 4823 carpentarius
886 4760 945 4803 suo
976 4743 1162 4806 testimonio
1183 4744 1338 4827 premisso
1360 4744 1512 4826 sollemp
