3472 5234
626 338 713 394 Anno
736 334 828 414 1378.
853 370 893 380 -
912 351 947 412 5.
970 338 1100 400 octobrrs.

698 590 843 662 Sahhnto
872 593 1035 680 sequenti.

595 762 779 822 Adiudicacio
802 763 986 836 antiquorum
1006 764 1142 836 judicum.

717 917 784 998 (18.
814 922 1003 998 septembris).

338 1058 438 1122 Nota!
464 1060 553 1141 quod
578 1061 702 1142 antiqui
728 1061 850 1144 judices
876 1061 1087 1123 decreverunt
1110 1075 1206 1144 prout
1229 1077 1260 1123 et
1281 1061 1428 1145 premissi
1451 1060 1500 1143 ju·

233 1166 303 1244 rati,
327 1165 417 1247 quod
441 1166 518 1227 visis
541 1181 572 1228 et
595 1167 741 1248 undique
765 1167 952 1229 examinatis
987 1167 1166 1229 literalibus
1189 1168 1410 1230 instrumentis
1431 1187 1498 1229 ma·

233 1273 323 1355 gistri
349 1273 502 1357 Stephani
526 1274 566 1336 de
599 1275 778 1337 Monozlou
810 1293 907 1357 super
929 1275 1029 1358 ipsius
1049 1275 1305 1357 possessionibus
1335 1273 1499 1353 conlectis,

233 1379 266 1440 in
290 1379 390 1441 nostri
414 1379 524 1442 medio
548 1379 675 1458 habitis,
700 1379 805 1441 eidem
831 1380 984 1462 magistro
1009 1380 1172 1462 Stephano
1196 1394 1351 1463 perpetuo
1375 1379 1501 1463 adjudi-

233 1485 376 1547 cavimus
400 1485 621 1568 possidendas,
645 1485 723 1567 quia
746 1485 900 1547 Nicolaus
923 1485 1008 1548 filius
1031 1487 1207 1548 Alexandri
1231 1486 1437 1549 solummodo
1462 1486 1500 1547 li·

232 1602 317 1652 teras
340 1591 536 1653 chasmensis
560 1591 702 1673 Capituli
728 1591 927 1670 ostendebat,
951 1593 985 1653 in
1009 1593 1127 1674 quibus
1151 1593 1384 1671 continebatur,
1409 1592 1498 1674 quod

232 1710 334 1758 mater
357 1696 525 1759 Michaelis
556 1710 587 1759 et
611 1696 791 1780 Stephanus
817 1697 857 1758 de
886 1698 1066 1760 Monozlou
1097 1698 1252 1779 quasdam
1283 1681 1500 1779 possessiones

233 1803 364 1865 domiue
382 1803 552 1866 Elizabeth
570 1804 671 1865 sorori
689 1804 833 1886 ipsorum
858 1804 1013 1885 Zagrabie
1034 1804 1203 1866 existentes
1227 1804 1500 1887 conscripsissent,

232 1908 323 1970 cuius
339 1908 412 1970 data
430 1921 496 1969 erat
513 1909 545 1969 in
562 1928 648 1970 anuo
665 1908 790 1971 domini
814 1909 989 1970 millesimo
1006 1908 1153 1972 CCCLX
1170 1929 1276 1986 nono;
1301 1929 1375 1971 cum
1392 1922 1501 1970 tamen

232 2013 343 2074 civitas
360 2012 1500 2095 nostravocaturMonsGrechensisnontameuZagrabia

232 2118 303 2180 sed
328 2138 457 2201 prope
482 2119 747 2200 Zagrabiam.
771 2119 876 2202 lpsam
894 2133 1001 2182 autem
1027 2140 1155 2182 causam
1172 2121 1323 2203 magister
1345 2119 1499 2183 Nicolaus

232 2222 317 2287 filius
347 2225 522 2287 Alexandri
554 2225 594 2286 ad
627 2226 815 2307 magistrum
847 2227 1086 2289 tavarnicorum
1118 2227 1274 2309 regalium
1298 2227 1339 2288 ad
1373 2239 1501 2289 octavas

232 2328 303 2392 festi
330 2330 489 2394 Omnium
514 2346 697 2394 sanctorum
722 2351 807 2394 nuuc
831 2333 977 2414 proxime
1009 2347 1159 2394 venturas
1183 2333 1356 2416 appellavit
1381 2332 1499 2394 exami-

232 2436 372 2499 nandam
396 2451 427 2499 et
450 2437 704 2515 terminandam
734 2438 987 2520 quibusquidem
1019 2439 1163 2520 partibus
1195 2439 1301 2521 ipsum
1325 2438 1499 2500 terminum

232 2543 465 2624 assignavimus
489 2543 697 2625 comparendi
729 2544 762 2606 in
793 2545 991 2627 presenciam
1023 2544 1158 2627 predicti
1190 2543 1334 2625 magistri
1358 2543 1499 2605 tavarni-

231 2667 342 2711 corum
367 2650 535 2732 regalium.

373 2884 471 2960 Feria
500 2890 608 2961 tercia
634 2891 792 2978 proxima
820 2897 898 2961 ante
926 2887 1049 2960 festum
1077 2888 1187 2959 sancti
1216 2886 1356 2976 livryni.

762 3043 802 3117 (5.
826 3041 967 3115 octobres).

338 3180 447 3241 Primo
472 3200 565 3242 causa
594 3179 731 3242 Mathias
763 3194 794 3240 et
826 3179 955 3241 Thome
988 3194 1034 3241 est
1057 3199 1113 3261 per
1136 3192 1230 3241 testes
1260 3179 1301 3240 ad
1333 3193 1406 3241 octo
1430 3179 1499 3241 dies

232 3300 358 3367 recepta
383 3286 422 3346 ad
448 3306 570 3367 pacem.

339 3390 416 3453 ltem
443 3392 469 3451 si
494 3391 632 3452 lacobus
655 3388 786 3473 pellifex
820 3409 892 3451 cum
917 3391 988 3453 aliis
1020 3391 1275 3473 possessionibus
1305 3391 1498 3453 Mauricium

233 3515 335 3576 usque
359 3495 473 3557 leriam
497 3510 617 3558 sextam
635 3515 720 3557 nunc
745 3510 913 3557 venturam
929 3497 1129 3578 persolverit,
1153 3499 1234 3558 bene
1251 3497 1395 3577 quidem,
1418 3498 1497 3559 alio·

233 3602 310 3682 quin
336 3601 471 3663 domum
496 3603 595 3684 ipsius
619 3602 730 3664 lacobi
752 3602 864 3664 eadem
889 3601 966 3664 feria
991 3617 1077 3665 sexta
1094 3617 1167 3685 post
1190 3602 1346 3685 judicium
1371 3604 1497 3665 estima-

232 3707 322 3785 bunt,
347 3723 378 3769 et
403 3709 531 3790 insuper
556 3709 729 3772 Mauricius
753 3709 813 3770 sibi
838 3729 894 3791 per
918 3709 1027 3770 omnia
1052 3710 1221 3791 persolvet.

336 3813 414 3875 ltem
440 3833 534 3875 causa
559 3814 682 3876 Mielini
707 3813 800 3895 jurati
825 3829 855 3878 et
875 3814 982 3877 Mathe
999 3815 1116 3877 sutoris
1140 3829 1186 3878 est
1209 3836 1266 3899 per
1292 3816 1497 3898 Mychaelem

230 3916 334 3980 Ortofi
358 3920 400 3980 ad
423 3933 495 3981 octo
520 3919 588 3981 dies
613 3935 738 4002 recepta
763 3921 803 3982 ad
828 3941 955 4003 pacem·

336 4025 416 4088 ltem
442 4025 603 4087 lohannes
627 4026 726 4087 Pazar
757 4041 867 4088 contra
891 4026 1071 4089 iohannem
1103 4027 1299 4110 ireniparum
1324 4029 1429 4110 primo
1454 4028 1496 4091 ci·

230 4143 315 4192 tatus
338 4151 404 4193 non
429 4133 618 4214 comparuit.

336 4237 415 4298 Item
432 4237 607 4320 Dyonisius
630 4254 661 4300 et
686 4238 847 4301 lohannes
871 4252 980 4301 contra
1011 4238 1164 4321 Gyurgek
1188 4240 1293 4322 primo
1319 4240 1405 4302 citati
1431 4259 1496 4301 non

231 4356 490 4423 comparuerunt.

336 4449 415 4511 Item
433 4450 496 4510 Res
521 4464 630 4512 contra
648 4450 756 4512 Mathe
773 4451 955 4533 ensiparum
972 4451 1078 4533 primo
1095 4452 1210 4513 citatus
1225 4471 1291 4512 non
1305 4453 1496 4534 comparuit.

335 4554 414 4616 ltem
439 4556 601 4617 lohannes
625 4556 725 4618 Pazar
749 4569 858 4618 contra
883 4557 1077 4618 Blaskonem
1102 4571 1133 4618 et
1148 4557 1279 4618 Petrum
1304 4572 1418 4620 octavo
1443 4557 1495 4619 die

230 4661 377 4723 atestabit
401 4683 496 4745 super
520 4682 570 4742 eo,
595 4663 683 4744 quod
707 4663 812 4745 ipsum
837 4660 960 4724 Blasius
983 4663 1208 4725 vulneraverit.

336 4766 415 4829 ltem
439 4769 577 4831 Mathias
602 4769 686 4831 filius
709 4771 854 4852 oroznyk
879 4766 956 4829 feria
977 4782 1063 4830 sexta
1081 4788 1166 4831 nunc
1190 4782 1324 4831 ventura
1348 4769 1497 4831 universa
