3472 5234
677 348 763 407 Anno
786 357 874 424 1375.
902 380 942 389 —
966 360 997 423 4.
1021 346 1101 406 maii.
1484 361 1521 423 ¹9

372 563 450 624 Item
483 580 577 623 causa
609 558 787 622 Clementis
818 557 935 618 autoris
965 570 996 619 et
1019 555 1189 618 Laurencii
1214 567 1261 616 est
1290 573 1347 636 per
1370 566 1466 615 testes
1488 552 1529 615 ad

266 681 339 731 octo
364 667 434 729 dies
457 679 583 749 recepta
607 664 646 727 ad
671 683 795 746 pacem.
1327 665 1329 669 ’

371 773 450 834 Item
474 771 576 835 Cursa
600 769 840 832 molendinator
864 781 974 830 contra
991 767 1177 850 Philippum
1198 766 1303 848 primo
1327 764 1440 827 citatus
1463 784 1530 826 non

265 879 455 961 comparuit.

371 985 450 1047 Item
474 1004 569 1047 causa
586 982 695 1045 Sibich
721 995 752 1043 et
768 981 817 1043 sui
834 980 1024 1042 mercenarii
1042 992 1089 1041 est
1104 998 1161 1062 per
1178 978 1334 1039 Iacobum
1358 974 1529 1060 pellificem

264 1092 305 1154 ad
330 1106 403 1154 octo
427 1092 497 1153 dies
521 1102 648 1173 recepta
671 1088 711 1151 ad
732 1109 856 1171 pacem.

321 1261 337 1267 ,,
374 1198 452 1260 Item
485 1196 542 1259 filii
575 1196 700 1259 Crisani
734 1207 848 1257 octavo
880 1193 933 1255 die
964 1191 1033 1274 jura
1064 1191 1235 1254 ostendent
1264 1211 1360 1274 super
1390 1190 1532 1272 quadam

268 1305 366 1366 domo
392 1315 464 1365 ante
489 1321 639 1383 magnam
664 1313 790 1383 portam
815 1299 987 1383 lapideam,
1010 1299 1035 1360 si
1057 1297 1238 1360 habuerint.

371 1409 448 1470 Item
474 1428 567 1470 causa
591 1406 701 1469 Jacobi
731 1406 870 1488 ensipari
902 1417 934 1467 et
956 1404 1083 1466 Nicolai
1115 1418 1162 1466 est
1185 1423 1242 1486 per
1272 1416 1368 1465 testes
1392 1402 1432 1464 ad
1456 1414 1530 1464 octo

267 1516 335 1577 dies
358 1529 484 1598 recepta
508 1514 549 1576 ad
572 1532 696 1596 pacem.

374 1622 452 1683 Item
477 1621 509 1681 in
528 1617 701 1701 quindenis
718 1618 856 1679 Jacobus
872 1615 1004 1699 pellifex
1020 1616 1156 1680 Nicolao
1173 1614 1245 1678 rufo
1269 1616 1407 1678 condam
1431 1614 1529 1696 judici

268 1728 320 1789 IIII
345 1727 415 1791 flor.
439 1727 507 1789 auri
532 1726 657 1787 solvere
680 1723 821 1785 debebit.

373 1833 451 1895 Item
476 1851 569 1893 causa
594 1830 723 1892 MartIni
748 1843 779 1892 et
802 1828 955 1912 alteri(us)
977 1829 1105 1891 Martini
1131 1843 1178 1892 est
1200 1849 1257 1912 per
1280 1842 1374 1891 testes
1398 1829 1438 1891 ad
1455 1841 1529 1891 octo

269 1940 336 2002 dies
360 1951 485 2021 recepta
509 1937 549 1999 ad
573 1956 696 2020 pacem.

374 2045 450 2106 Item
481 2064 574 2106 causa
606 2041 762 2104 Iohannis
786 2055 816 2103 et
849 2041 1002 2104 Lucachii
1033 2041 1181 2124 pellificis
1214 2057 1260 2106 est
1290 2062 1347 2126 per
1372 2041 1531 2104 Janchech

267 2150 464 2213 aurifabrum
488 2149 528 2212 ad
552 2163 625 2212 octo
650 2148 718 2211 dies
742 2161 868 2230 recepta
892 2147 934 2208 ad
958 2167 1081 2230 pacem.

373 2258 450 2319 Item
476 2255 652 2337 Gregorius
675 2274 788 2316 voscar
812 2273 870 2336 pro
894 2253 1037 2334 quodam
1067 2253 1189 2318 famulo
1214 2255 1393 2318 Clementis
1416 2255 1532 2317 sutoris

269 2364 436 2426 fideiussor
460 2363 572 2426 extitit.
1505 2360 1508 2364 ’

375 2470 452 2531 Item
478 2489 572 2531 causa
603 2469 733 2530 Andree
766 2468 867 2530 Kozel
900 2481 931 2531 et
954 2468 1080 2531 Nicolai
1112 2482 1159 2531 est
1182 2488 1238 2551 per
1268 2481 1364 2531 testes
1387 2469 1428 2530 ad
1458 2482 1531 2531 octo

270 2576 339 2639 dies
363 2588 489 2657 recepta
514 2576 554 2636 ad
578 2595 701 2658 pacem.

374 2681 452 2743 Item
477 2681 553 2742 Iuan
579 2680 829 2743 Huzarenouich
853 2682 886 2742 in
912 2681 1084 2762 quindenis
1108 2680 1240 2743 domine
1267 2682 1360 2743 Kuue
1384 2702 1438 2742 sex
1461 2680 1531 2746 flor.

269 2788 393 2850 solvere
418 2787 513 2849 debet
537 2786 680 2865 indilate,
705 2786 745 2848 de
769 2787 908 2869 septimo
932 2800 1040 2848 autem
1064 2786 1221 2868 justiciam
1247 2786 1411 2850 faciemus.

349 2894 452 2956 'Item
489 2893 521 2953 in
558 2893 730 2974 quindenis
763 2892 1014 2955 Huzarenouich
1050 2893 1197 2955 Markoni
1229 2908 1367 2976 quatuor
1397 2893 1532 2955 cubulos

269 3000 351 3063 milii
375 3000 450 3061 dare
475 3013 505 3060 et
528 2999 652 3061 solvere
677 2998 774 3060 debet
797 2999 941 3062 indilate.

375 3106 454 3168 Item
479 3103 636 3183 Thomas,
661 3103 762 3166 Cursa
797 3118 828 3166 et
852 3104 1017 3168 Corardus
1046 3120 1156 3169 contra
1180 3106 1336 3169 Iacobum
1359 3104 1532 3188 pellificem

270 3211 374 3294 primo
406 3211 492 3272 citati
517 3230 582 3272 non
608 3224 867 3293 comparuerunt.

375 3318 454 3379 Item
479 3317 645 3379 Anthonio
671 3316 794 3378 Jursich
819 3316 953 3379 domum
972 3318 1088 3380 Herrib
1112 3318 1259 3401 pellificis
1282 3320 1451 3381 statuimus
1474 3338 1532 3401 pro

275 3423 467 3504 quibusdam
499 3423 627 3500 debitis,
659 3422 809 3483 videlicet
829 3422 941 3485 decem
972 3425 1085 3486 marcis
1117 3425 1224 3486 minus
1256 3445 1319 3486 una
1349 3444 1449 3506 pensa
1479 3424 1533 3486 de·

272 3530 445 3592 nariomm.

374 3634 453 3697 Item
478 3654 572 3697 causa
596 3634 753 3698 Anthonii
778 3637 890 3720 Renyz
915 3651 945 3698 et
970 3636 1079 3700 Sibich
1096 3652 1143 3699 est
1165 3657 1223 3720 per
1246 3636 1426 3699 Francham
1450 3636 1533 3699 auri-

272 3739 398 3804 fabrum
422 3756 453 3803 et
475 3740 646 3803 Nicolaum
663 3743 801 3805 condam
818 3742 960 3824 judicem
976 3742 1016 3804 ad
1033 3757 1107 3806 octo
1125 3743 1193 3806 dies
1209 3757 1336 3826 recepta
1353 3742 1394 3805 ad
1410 3762 1533 3825 pacem.

375 3848 453 3910 Item
478 3847 565 3909 Elias
590 3847 750 3912 aurifaber
774 3864 883 3912 contra
909 3849 1054 3911 Francha
1077 3848 1275 3912 aurifabrum
1292 3849 1397 3932 primo
1422 3849 1535 3911 citatus

270 3974 335 4017 non
360 3953 549 4035 comparuit.

375 4059 454 4121 Item
479 4059 640 4122 lohannes
664 4074 774 4123 contra
800 4061 1001 4125 Anthonium
1035 4075 1176 4124 sutorem
1200 4063 1306 4145 primo
1330 4062 1444 4124 citatus
1468 4082 1534 4125 non

273 4166 463 4249 comparuit.

377 4272 456 4334 Item
481 4272 513 4333 in
538 4273 710 4355 quindenis
727 4274 890 4336 Iohannes
914 4275 1018 4337 Uasos
1041 4290 1072 4337 et
1088 4274 1144 4336 filii
1169 4275 1295 4338 Crisani
1313 4275 1449 4337 Nicolao
1466 4273 1534 4337 fillo
1604 4308 1607 4312 ⁴

271 4376 365 4440 Pauli
389 4377 430 4440 de
454 4378 609 4440 Orbouch
633 4380 845 4462 quadraginta
882 4383 1021 4445 florenos
1044 4394 1074 4444 et
1104 4381 1267 4462 sexaginta
1299 4379 1448 4442 denarios
1471 4382 1535 4443 sol-

274 4504 348 4547 vere
373 4484 501 4548 debent.

379 4590 458 4653 Item
482 4590 569 4652 Vido
592 4588 677 4653 filius
702 4591 772 4654 Elie
797 4594 829 4654 in
861 4593 1034 4675 quindenis
1066 4605 1175 4655 contra
1200 4593 1338 4656 eundem
1364 4592 1535 4654 Nicolaum

272 4715 306 4757 ee
322 4708 429 4759 sextus
444 4697 660 4778 juramentum
678 4697 840 4781 deponere
857 4700 952 4762 debet
968 4719 1063 4782 super
1080 4719 1131 4780 eo,
1155 4699 1243 4781 quod
1260 4699 1334 4782 plus
1350 4698 1390 4760 ad
1407 4718 1534 4761 conser-

275 4802 417 4865 vandum
431 4822 497 4865 non
511 4804 650 4867 dedisset
660 4805 720 4866 nisi
734 4819 890 4887 quantum
901 4807 934 4867 in
958 4806 1058 4867 literis
1071 4820 1178 4869 nostre
1195 4807 1330 4868 civitatis
1344 4805 1534 4932 continetur.
