3472 5234
604 345 799 424 Ann01376.
824 379 864 390 -
889 344 941 408 28.
965 348 1132 408 novembris.
1176 351 1180 359 ’

350 557 428 619 Item
454 558 566 619 Marko
590 556 704 618 Putani
735 569 844 618 contra
869 555 1062 638 Gregorium
1093 576 1205 619 voscar
1235 568 1349 618 octavo
1379 556 1433 617 die
1456 576 1503 617 re·

243 662 426 744 spondebit.

349 768 427 829 Item
441 766 561 830 Mathia
577 766 803 850 stIpendiarius
826 781 935 829 contra
952 767 1139 849 magistrum
1156 768 1336 830 Iohannem
1353 768 1504 852 Crispum

242 873 349 956 primo
374 874 487 937 citatus
511 893 574 936 non
600 873 790 956 comparuit.

350 980 429 1041 Item
453 978 613 1061 Georgius
642 979 859 1062 carpentarius
882 992 929 1040 est
960 979 1124 1041 convictus
1146 978 1245 1061 judici
1273 979 1358 1042 inX
1390 978 1505 1042 marcis

244 1100 274 1148 et
299 1084 410 1167 juratis
434 1086 466 1147 in
490 1105 554 1147 una
578 1104 684 1147 marca
708 1085 914 1148 denariorum
936 1100 1067 1169 propter
1091 1086 1230 1167 quedam
1254 1086 1422 1169 vituperia.

347 1191 425 1253 Item
450 1192 574 1273 Regina
598 1204 712 1254 octavo
736 1191 788 1253 die
812 1204 922 1253 contra
946 1190 1124 1274 Georgium
1148 1206 1302 1254 sartorem
1325 1204 1357 1254 et
1380 1190 1503 1274 Grego-

242 1296 326 1359 rium
350 1317 383 1360 se
407 1297 599 1360 duodecima
613 1297 731 1379 jurabit
754 1297 786 1360 in
810 1317 860 1377 eo,
880 1298 969 1379 quod
992 1298 1061 1380 ipsa
1083 1299 1117 1360 in
1134 1298 1246 1360 libello
1270 1310 1430 1377 contenta,
1446 1317 1503 1380 per

244 1403 330 1486 ipsos
353 1404 472 1482 ablato,
497 1403 647 1465 videlicet
670 1403 736 1465 duo
760 1403 849 1465 milia
873 1416 904 1466 et
931 1405 1125 1486 quingentos
1155 1404 1305 1483 florenos,
1329 1403 1411 1465 duos
1434 1403 1502 1465 baI-

241 1523 321 1589 teos,
338 1529 455 1573 novem
472 1510 591 1593 pIcaria
607 1523 756 1591 argentea
773 1523 804 1571 et
820 1509 881 1572 alia
900 1511 984 1572 bona
1001 1531 1066 1572 nou
1083 1510 1262 1593 recepisset,
1279 1530 1344 1572 non
1361 1508 1503 1589 haberet,

241 1636 299 1678 nec
322 1616 415 1680 sciret
439 1636 504 1698 quo
520 1616 649 1698 predica
674 1617 758 1678 bona
776 1615 995 1694 devenissent;
1016 1618 1082 1699 ipse
1099 1631 1207 1681 autem
1225 1616 1385 1698 Georgius
1400 1629 1502 1679 sartor

241 1735 272 1785 et
297 1722 473 1804 Gregorius
496 1723 598 1805 ipsam
621 1741 749 1783 causam
773 1721 813 1784 ad
837 1723 987 1804 antiquos
1003 1722 1124 1805 judices
1147 1723 1351 1806 appellarunt
1373 1721 1414 1783 ad
1429 1722 1501 1784 aab·

242 1830 351 1891 batum
376 1828 559 1911 proximum
585 1847 671 1890 nunc
695 1828 876 1891 instantem.

347 1935 426 1997 Item
450 1934 603 1996 NIcolaus
627 1946 737 1996 contra
760 1934 940 1996 Johannem
965 1935 1151 1997 WIchinich
1182 1935 1214 1996 In
1238 1935 1424 1997 testimonIo
1447 1934 1501 1997 de-

240 2040 326 2120 fecit,
350 2060 426 2122 ergo
450 2039 614 2121 quandam
638 2040 764 2101 vineam
789 2040 849 2102 sibi
873 2060 931 2124 per
955 2041 1060 2123 ipsum
1084 2041 1275 2123 assignatam
1299 2040 1448 2124 perdidit.

346 2146 424 2208 Item
450 2146 614 2208 Heremita
637 2158 744 2208 sancte
764 2147 864 2208 MarIe
888 2160 1002 2209 octavo
1034 2147 1086 2209 die
1116 2146 1233 2229 jurabit
1258 2159 1289 2209 et
1318 2146 1358 2208 de
1381 2165 1501 2228 genero

241 2251 405 2315 Sininiche
428 2252 487 2314 sibi
512 2250 671 2333 justiciam
695 2251 954 2335 inpenderemus.

309 2468 408 2544 Faria
436 2479 536 2543 sexta
562 2474 717 2561 proxima
746 2479 825 2543 ante
846 2472 970 2544 festum
998 2472 1088 2543 beati
1116 2471 1248 2544 Andree
1274 2471 1429 2561 apostoli.

722 2619 791 2703 (28.
814 2623 998 2699 novembris).

345 2762 454 2824 PrImo
472 2761 625 2823 Nicolaus
640 2759 725 2823 filius
741 2762 866 2824 Nicolai
890 2762 1008 2844 jurabit
1023 2776 1137 2824 octavo
1154 2762 1204 2824 die
1223 2776 1332 2826 contra
1356 2764 1499 2827 relictam

240 2869 396 2953 Mykeche
420 2888 515 2951 super
538 2867 648 2930 debito
673 2869 768 2929 trium
793 2869 986 2930 cubulorum
1014 2867 1165 2930 frumenti
1191 2869 1339 2932 etunius
1363 2869 1454 2933 lardi.

345 2975 423 3036 Item
446 2993 540 3036 causa
564 2973 694 3035 Thome
726 2973 927 3056 calcariparis
957 2988 989 3036 et
1016 2973 1145 3036 Andree
1168 2975 1217 3037 sui
1242 2975 1429 3037 mercenarii
1453 2988 1499 3037 est

237 3100 295 3164 per
329 3080 492 3142 Thomam
524 3078 710 3160 seIIiparum
742 3092 774 3142 et
798 3079 905 3141 Mathe
934 3093 1074 3141 sutorem
1104 3079 1144 3141 ad
1168 3093 1241 3142 octo
1273 3081 1343 3142 dies
1372 3095 1499 3165 recepta

238 3185 279 3247 ad
301 3204 424 3267 pacem.
452 3172 457 3180 ’

344 3290 422 3352 Item
447 3309 540 3351 causa
564 3289 690 3350 Lucasii
722 3289 868 3371 pellificis
891 3303 922 3351 et
955 3291 1124 3352 Laurencii
1154 3292 1248 3387 jprati
1273 3306 1319 3356 est
1341 3312 1398 3377 per
1429 3293 1498 3356 Ste-

238 3394 382 3477 phanum
407 3408 437 3456 et
461 3395 617 3455 Iacobum
643 3394 720 3455 BoIe
745 3394 785 3456 ad
809 3408 882 3457 octo
907 3394 974 3457 dies
997 3411 1122 3479 recepta
1146 3398 1185 3460 ad
1210 3418 1332 3481 pacem.

344 3500 422 3561 Item
447 3500 542 3561 Clara
559 3518 638 3560 uxor
662 3499 817 3560 Johannis
833 3513 946 3562 octavo
964 3501 1016 3563 die
1040 3522 1073 3563 se
1089 3504 1185 3566 tercia
1209 3518 1320 3567 contra
1338 3505 1497 3568 Marinam

238 3603 354 3686 jurabit
377 3625 471 3687 super
494 3603 613 3666 furtum
638 3603 788 3666 undecim
811 3626 982 3688 pensarum
1006 3607 1222 3672 denariorum.

344 3709 422 3771 Item
447 3730 540 3771 causa
565 3710 646 3771 Petri
672 3710 845 3773 sacerdotis
868 3726 899 3774 et
927 3713 1073 3796 Dyonisii
1098 3716 1213 3778 sutoris
1237 3730 1284 3779 est
1308 3735 1365 3798 per
1390 3716 1498 3781 Mathe

240 3815 397 3877 decanum
421 3816 460 3877 ad
485 3829 558 3877 octo
583 3815 651 3876 dies
674 3831 799 3899 recepta
823 3818 863 3879 ad
887 3838 1008 3901 pacem.

346 3922 422 3983 Item
440 3921 558 3983 Paulus
582 3921 721 3984 carnifex
738 3936 848 4007 contra
864 3925 1068 4009 Damyanum
1085 3940 1198 3988 octavo
1211 3927 1263 3989 die
1280 3929 1497 4010 respondebit.

345 4027 422 4088 Item
448 4047 542 4089 causa
566 4028 707 4108 magistri
726 4029 881 4092 Johannis
905 4032 1010 4114 Crispi
1035 4033 1180 4096 etMarci
1204 4032 1261 4095 filii
1286 4036 1423 4117 Mykech
1439 4037 1496 4099 filii

238 4131 399 4193 Leonardi
423 4145 470 4195 est
493 4153 550 4214 per
583 4135 846 4197 communitatem
869 4137 909 4198 ad
942 4137 1184 4219 quindecimum
1215 4139 1301 4201 diem
1326 4157 1496 4224 prorogata

236 4235 277 4296 ad
302 4236 481 4299 exhibenda
505 4238 725 4303 iustrumenta.

343 4342 421 4403 Item
446 4343 591 4427 Mathyas
616 4359 725 4407 contra
749 4345 935 4427 magistrum
968 4346 1148 4409 Johannem
1173 4349 1323 4432 Crispum
1354 4353 1496 4416 secundo

236 4446 349 4508 citatus
371 4467 436 4510 non
461 4451 649 4532 comparuit.

342 4553 420 4616 Item
444 4555 562 4617 Paulus
585 4569 694 4618 contra
718 4557 922 4640 Damyanum
951 4559 1056 4641 primo
1080 4560 1193 4623 citatus
1215 4581 1281 4624 non
1305 4564 1496 4645 comparuit.

340 4658 419 4721 Item
443 4660 596 4724 Nicolaus
621 4661 746 4724 Crisani
771 4677 881 4725 contra
902 4664 1032 4726 Petrum
1056 4665 1162 4748 primo
1186 4667 1299 4730 citatus
1321 4687 1387 4730 non
1408 4688 1494 4732 com-

234 4762 349 4845 paruit.
