3472 5234
268 322 331 383 244
670 303 871 382 Ann01385.
897 338 937 349 —
961 320 1009 366 21.
1026 308 1118 386 julii

266 527 381 594 matus,
406 514 446 576 ad
478 514 634 597 judicium
666 535 732 577 non
755 516 843 578 venit
873 515 1031 594 terciario,
1062 516 1136 578 ideo
1168 517 1364 599 ubicumque
1389 518 1422 579 ln
1447 517 1531 580 dicta

266 620 392 682 civitate
418 634 449 682 et
480 621 548 682 eius
578 621 738 683 territorio
771 621 908 683 inveniri
940 635 971 682 et
1002 623 1135 704 reperiri
1164 624 1292 705 poterit,
1316 637 1393 686 tunc
1426 625 1531 707 capite

265 725 361 808 plecti
385 739 416 788 et
440 726 480 788 de
503 726 574 809 ipso
596 725 683 808 juxta
707 726 971 789 consuetudinem
988 727 1125 790 civitatis
1148 729 1290 791 vlndicta
1313 743 1528 811 sumpmatur.

370 832 448 893 Item
484 832 572 913 quod
608 832 682 914 quia
714 833 800 894 Iwan
831 831 916 894 filius
946 832 1032 895 lwan
1062 833 1102 895 de
1133 835 1331 897 Brezouicha
1369 836 1527 918 vigesimo

265 939 379 1019 quinto
403 958 437 1000 se
461 938 649 1001 concivibus
664 939 876 1021 prescriptum
901 959 995 1000 suurn
1012 939 1227 1020 juramentum
1244 960 1340 1023 super
1364 960 1414 1020 eo,
1439 941 1529 1022 quod

264 1045 331 1126 ipse
364 1043 543 1126 Georgium
575 1043 678 1105 filium
710 1043 888 1127 Mychaelis
919 1058 1091 1127 anepotem
1122 1045 1273 1108 videlicet
1301 1046 1425 1110 domini
1460 1049 1531 1130 My·

264 1150 383 1212 chaelis
407 1151 550 1232 episcopi
575 1149 783 1233 Scardyensis
808 1169 874 1211 non
898 1150 1104 1228 interfecerit,
1136 1171 1242 1232 neque
1268 1172 1342 1214 cum
1365 1172 1425 1214 suo
1448 1154 1532 1215 scitu

265 1270 296 1317 et
319 1256 472 1319 mandato
497 1256 565 1338 ipse
590 1255 752 1338 Georgius
781 1254 966 1318 interfectus
998 1255 1103 1335 luerit,
1136 1271 1245 1319 contra
1270 1257 1386 1340 Dwym
1411 1273 1442 1319 et
1467 1259 1530 1320 Lu·

264 1363 385 1425 casium
408 1361 493 1424 filios
517 1361 593 1424 dicti
618 1361 795 1445 Mychaelis
819 1381 855 1422 ac
880 1360 1043 1444 Dyiudato
1062 1362 1246 1444 proxImum
1269 1363 1370 1444 ipsius
1395 1362 1530 1445 Georgii

262 1487 298 1529 ac
322 1467 403 1529 alios
427 1467 593 1528 universos
617 1466 729 1528 iratres
755 1479 787 1528 et
810 1479 964 1547 cognatos
980 1467 1079 1548 ipsius
1104 1465 1236 1547 Georgii
1263 1480 1297 1529 ut
1320 1466 1458 1529 debebat
1475 1468 1530 1530 de·

263 1574 381 1656 posuit,
395 1574 469 1635 ideo
483 1573 588 1654 ipsum
601 1573 687 1634 livan
703 1592 799 1655 super
812 1573 955 1655 predicta
971 1573 1223 1655 interempcione
1236 1574 1380 1636 annotati
1395 1573 1530 1656 Georgii

262 1680 463 1742 reddidimus
486 1693 518 1741 et
541 1679 762 1741 commisimus
786 1679 971 1761 expeditum
996 1694 1027 1740 et
1050 1699 1106 1761 per
1130 1680 1240 1741 omnia
1264 1681 1460 1744 absolutum.

367 1881 550 1953 sabbatam
578 1882 771 1969 proximum
803 1890 880 1969 post
902 1880 1025 1952 festum
1052 1889 1170 1952 sancte
1198 1882 1422 1970 Margarethe.

807 2029 872 2112 (15.
887 2033 987 2108 julii).

370 2173 448 2234 Item
473 2173 596 2254 antiqui
621 2171 743 2253 judices
766 2191 895 2234 causam
919 2171 1006 2234 Iwko
1029 2171 1086 2233 filii
1112 2172 1201 2234 Banlr
1226 2173 1269 2234 ita
1292 2172 1529 2254 judicaverunt,

263 2278 351 2361 quod
376 2278 461 2340 idem
488 2279 575 2340 leto
599 2290 713 2340 octavo
737 2277 790 2339 die
814 2278 913 2339 tercio
937 2297 970 2338 se
999 2277 1185 2339 concivibus
1216 2298 1375 2360 supereo
1400 2279 1527 2359 jurabit,

263 2383 351 2465 quod
376 2384 466 2445 Hans
490 2383 676 2446 Carintinus
692 2383 753 2445 sibi
777 2383 890 2465 viginti
907 2403 961 2445 sex
978 2384 1092 2445 marcis
1116 2383 1321 2446 denariorum
1347 2398 1377 2445 et
1401 2385 1529 2448 duabus

261 2491 368 2573 pensis
392 2490 519 2552 debitor
544 2488 638 2552 luerit
662 2503 693 2551 et
716 2489 814 2551 nichil
839 2489 878 2551 de
903 2489 1025 2551 eisdem
1050 2491 1215 2572 receperit.

368 2597 446 2658 Item
471 2615 600 2657 causam
622 2595 743 2658 Vrbani
767 2608 799 2656 et
822 2595 953 2657 domine
981 2596 1083 2657 Borce
1108 2595 1151 2657 ita
1174 2595 1409 2677 judicaverunt,
1434 2596 1523 2678 quod

261 2703 337 2784 quia
361 2702 494 2784 quidam
520 2702 644 2783 antiqui
668 2701 791 2782 judices
814 2700 932 2762 dictam
952 2701 1038 2762 viam
1061 2700 1221 2779 viderunt,
1247 2701 1321 2764 ideo
1345 2701 1526 2783 quemlibet

260 2809 476 2890 predictorum
503 2808 622 2869 Vrbani
649 2819 680 2869 et
700 2807 800 2868 Borce
826 2807 858 2868 in
875 2806 975 2868 tribus
999 2807 1104 2888 pensis
1121 2806 1319 2869 decreverint
1347 2807 1524 2870 convictos.

313 3029 410 3102 Feria
438 3039 537 3102 sexta
565 3032 720 3117 proxima
749 3020 845 3117 post*
873 3028 998 3098 festum
1026 3029 1135 3097 sancti
1163 3026 1282 3116 Jacobi
1312 3029 1468 3117 apostoli.

803 3184 863 3256 (21.
879 3183 978 3256 julie).

367 3321 446 3382 Item
471 3320 606 3381 Mathias
630 3320 768 3381 condam
789 3320 909 3400 juratus
933 3340 989 3401 per
1012 3334 1176 3381 consortes
1199 3319 1323 3381 Alberti
1348 3334 1379 3381 et
1404 3321 1524 3399 Mathe,

259 3428 376 3489 sutoris
400 3427 470 3488 FIic
502 3426 653 3487 videIIcet
681 3426 809 3488 Thome
842 3426 953 3487 decani
985 3425 1045 3487 hoc
1078 3426 1235 3504 atestabit,
1267 3425 1355 3506 quod
1380 3427 1521 3506 quedam

260 3533 370 3594 clamis
401 3531 508 3613 puelle
533 3551 589 3592 seu
612 3532 765 3594 servitrici
798 3532 926 3594 Thome
958 3532 1158 3613 calcariparis
1191 3532 1232 3592 ad
1267 3532 1524 3594 conservandum

260 3639 491 3719 assumpsisset.

367 3744 444 3804 Item
469 3742 554 3803 Itvan
587 3744 739 3826 Loytrich
770 3762 827 3826 per
858 3742 1036 3804 Johannem
1061 3742 1163 3804 lilium
1197 3743 1280 3803 Petri
1305 3757 1336 3804 et
1360 3743 1521 3806 lanchech

259 3847 456 3909 aurifabrum
482 3862 513 3908 et
537 3847 672 3910 Cursum
697 3849 759 3910 hoc
782 3849 930 3911 atestabit
953 3861 1066 3909 octavo
1098 3847 1161 3926 die,
1185 3849 1274 3929 quod
1299 3849 1422 3930 Symon
1449 3851 1523 3912 sali·

259 3973 340 4015 vena
365 3952 521 4034 quasdam
546 3952 653 4015 literas
670 3954 812 4036 Capituli
836 3973 931 4035 super
948 3952 1088 4034 quadam
1104 3954 1198 4015 vinea
1222 3954 1298 4015 dare
1315 3956 1523 4036 promisisset.

365 4059 443 4120 Item
468 4058 629 4121 lohannes
653 4060 841 4142 Bozoulych
866 4073 975 4121 contra
999 4059 1179 4120 Fabianum
1205 4060 1309 4142 primo
1326 4061 1440 4121 citatus
1456 4081 1523 4123 non

259 4163 449 4245 comparuit.

365 4268 443 4329 Item
461 4289 554 4330 causa
580 4270 695 4350 judicis
711 4286 741 4333 et
759 4270 961 4353 Lipouschak
978 4283 1087 4332 contra
1104 4269 1284 4333 Iohannem
1310 4273 1523 4336 Denadouich

259 4372 299 4434 ad
324 4388 473 4436 octavum
498 4374 585 4436 diem
609 4375 649 4437 ad
673 4396 785 4458 pacem
811 4390 857 4437 est
881 4388 1016 4455 recepta.

365 4478 443 4540 Item
477 4500 570 4541 causa
604 4480 753 4562 Gregorii
784 4480 928 4542 Pondich
960 4492 1069 4541 contra
1102 4481 1268 4542 Marenum
1298 4483 1337 4544 ad
1370 4497 1521 4546 octavum

259 4582 345 4644 diem
370 4584 409 4645 ad
433 4605 546 4666 pacem
571 4601 616 4648 est
644 4600 782 4669 recepta.

362 4757 375 4785 *
394 4759 509 4824 Corrig.:
528 4768 597 4813 ante.
