3472 5234
231 339 290 401 ¹72
624 323 710 379 Anna
735 317 827 397 1582.
853 356 892 365 -
915 334 967 396 29.
992 322 1105 394 aprilis.

332 529 411 590 Item
435 549 528 591 causa
561 531 717 592 consortis
749 529 897 612 Gregorii
931 529 989 592 filii
1014 530 1168 592 Iohannis
1200 545 1309 593 contra
1347 531 1492 592 relictam

227 634 392 697 Thomam
416 635 457 696 ad
481 651 629 698 octavum
654 636 741 696 diem
765 635 806 696 ad
830 655 941 718 pacem
966 650 1013 697 est
1037 651 1174 717 recepta.

332 741 410 802 Item
435 740 597 803 Iohannes
613 741 830 803 chhkouich
848 756 957 804 contra
978 742 1178 825 Mychaelem
1196 741 1491 803 molendinatorem

226 845 332 927 primo
356 835 471 908 citaius
494 866 559 908 non
584 847 773 928 comparuit.

333 951 410 1012 Item
435 972 529 1012 causa
558 952 654 1013 Blasii
687 951 839 1014 aurifabri
871 968 980 1016 contra
1014 953 1193 1015 Johannem
1226 968 1258 1016 et
1289 952 1491 1036 Mychaelem

226 1054 364 1117 filiolum
387 1076 481 1118 suum
506 1057 546 1118 ad
571 1072 720 1120 octavum
745 1057 831 1119 diem
855 1059 895 1120 ad
919 1078 1031 1141 pacem
1056 1075 1103 1121 est
1127 1073 1264 1142 recepta.

334 1164 411 1224 Item
436 1185 530 1226 causa
555 1164 685 1227 Martini
710 1164 856 1245 Hungari
879 1179 989 1227 contra
1014 1166 1143 1227 Petrum
1165 1166 1206 1226 ad
1230 1178 1380 1227 octavum
1405 1165 1492 1226 diem

228 1268 267 1328 ad
292 1288 405 1350 pacem
430 1284 477 1332 est
500 1284 637 1352 recepta.

333 1376 411 1437 Item
436 1374 529 1437 Mafia
554 1390 663 1438 contra
680 1376 824 1436 Marcum
841 1374 945 1438 fillum
962 1377 1111 1438 Damiani
1128 1378 1269 1439 secundo
1294 1377 1407 1439 citatus
1426 1396 1490 1438 non

227 1482 417 1563 comparuit.

230 1625 240 1642 .
333 1587 411 1649 Item
436 1607 529 1649 causa
554 1587 714 1649 lancbech
740 1602 849 1650 contra
876 1587 983 1649 Lachk
1008 1588 1174 1671 Borchych
1206 1589 1316 1651 estad
1341 1602 1492 1651 octavum

227 1693 314 1754 diem
340 1693 379 1754 ad
404 1713 515 1775 pacem
538 1706 677 1775 recepta.

333 1798 412 1860 Item
437 1819 530 1860 causa
556 1798 695 1861 Cristani
724 1812 833 1861 contra
865 1800 1048 1883 Myklinum
1082 1800 1121 1861 ad
1154 1814 1305 1862 octavum
1329 1798 1415 1860 diem
1449 1798 1489 1859 ad

227 1924 339 1987 pacem
363 1919 410 1966 est
434 1920 569 1986 recepta.

333 2011 411 2072 Item
436 2031 529 2072 causa
561 2011 646 2073 Petri
676 2025 788 2075 contra
818 2013 1052 2093 Margaretham
1085 2012 1125 2073 ad
1157 2025 1306 2074 octavum
1338 2012 1425 2073 diem
1449 2011 1489 2073 ad

227 2137 340 2200 pacem
365 2132 413 2179 est
437 2132 572 2198 recepta.

336 2225 415 2286 Item
432 2243 525 2285 causa
551 2223 665 2287 Korlat
688 2239 796 2286 contra
810 2224 895 2286 Iwan
914 2225 954 2285 ad
979 2238 1127 2286 octavum
1150 2223 1236 2284 diem
1251 2224 1291 2285 ad
1309 2243 1421 2306 pacem
1446 2236 1493 2285 est

230 2345 367 2412 recepta.

334 2437 412 2497 Item
437 2436 545 2497 Paulis
575 2450 664 2498 sutor
687 2456 744 2518 per
768 2437 939 2498 Nicolaum
966 2435 1168 2517 Lipouschak
1205 2448 1235 2496 et
1259 2435 1399 2496 Iwanam
1436 2455 1490 2517 pe·

228 2542 380 2603 nesticam
417 2555 531 2604 octavo
565 2542 618 2603 die
653 2541 714 2603 hoc
746 2542 906 2620 atestabit‚
932 2542 1020 2623 quod
1052 2555 1233 2603 consortem
1266 2561 1356 2603 suam
1381 2542 1493 2603 Petrus

228 2645 369 2708 carnifex
392 2648 591 2730 percusserit.
1083 2636 1089 2643 ”

335 2754 414 2816 Item
441 2754 525 2815 idem
553 2755 664 2815 Petrus
688 2767 802 2816 octavo
819 2752 870 2814 die
887 2752 948 2815 hoc
965 2752 1121 2830 atestabit‚
1147 2751 1235 2833 quod
1253 2771 1384 2813 consors
1401 2752 1492 2814 Pauli

229 2859 367 2922 arnificis
402 2880 517 2922 carnes
541 2881 615 2921 suas
638 2860 861 2941 potencialiter
884 2859 1064 2940 recepisset,
1089 2878 1145 2939 per
1159 2858 1285 2940 Mykus‚
1311 2856 1491 2918 Johannem

229 2980 260 3028 et
287 2965 468 3048 Cyganum.

334 3072 413 3133 Item
438 3072 590 3133 Clemens
621 3083 729 3132 contra
763 3070 899 3130 Paulum
930 3069 1086 3151 pictorem
1115 3069 1256 3130 secundo
1289 3068 1402 3131 citatus
1427 3089 1492 3131 non

229 3178 417 3258 comparuit.

335 3283 413 3345 Item
438 3303 530 3344 causa
558 3282 677 3344 Mathie
702 3282 795 3362 jurati
826 3295 935 3343 contra
959 3280 1125 3342 custodem
1150 3280 1189 3341 ad
1223 3293 1372 3341 octavum
1405 3280 1491 3341 diem

229 3389 268 3449 ad
294 3407 405 3469 pacem
431 3402 478 3450 est
501 3405 636 3471 recepta.

335 3495 412 3556 Item
427 3495 577 3555 Matenus
593 3495 730 3575 lapicida
747 3507 856 3555 contra
870 3493 954 3554 Iwan
969 3491 1073 3574 primo
1087 3493 1199 3554 citatus
1216 3513 1282 3555 non
1299 3494 1490 3575 comparuit.

335 3601 413 3661 Item
438 3619 530 3660 causa
556 3600 646 3661 Pauli
675 3614 784 3661 contra
815 3600 959 3660 Marcum
991 3596 1094 3659 filium
1119 3596 1241 3660 Gemez
1272 3600 1312 3660 ad
1337 3613 1488 3662 octavum

230 3707 315 3767 diem
341 3707 380 3767 ad
406 3726 518 3788 pacem
543 3719 589 3767 est
617 3719 752 3787 recepta.

336 3812 413 3872 Item
440 3810 599 3892 Georgius
623 3824 737 3873 octavo
762 3811 813 3871 die
838 3830 895 3892 per
918 3809 1012 3872 Iuech
1040 3823 1193 3872 sutorem.

336 3918 413 3979 Item
439 3918 607 4000 Philippus
639 3918 756 3999 figulus
788 3932 897 3980 contra
926 3916 1084 3978 Janchech
1116 3917 1257 3978 secundo
1289 3917 1403 3978 citatus
1426 3936 1491 3978 non

230 4024 420 4105 comparuit.

335 4129 413 4191 Item
431 4129 599 4211 Philippus
622 4129 739 4211 figulus
763 4144 872 4192 contra
897 4129 963 4190 Juri
997 4128 1138 4190 secundo
1171 4129 1284 4190 citatus
1315 4148 1381 4189 non
1406 4148 1492 4189 com·

231 4235 346 4318 paruit.

335 4342 411 4402 Item
437 4341 594 4402 Wrouich
620 4356 728 4403 contra
747 4341 853 4401 Lachk
879 4339 1045 4422 Borchych
1063 4339 1167 4420 prImo
1184 4339 1297 4400 citatus
1314 4359 1379 4400 non
1405 4359 1491 4400 com-

229 4447 344 4529 paruit.

336 4552 414 4614 Item
448 4553 585 4614 lacobus
616 4552 701 4613 filius
733 4552 820 4613 Puch
852 4551 981 4631 jobagio
1014 4550 1122 4611 relicte
1154 4550 1292 4611 condam
1326 4549 1410 4611 Petri
1435 4548 1491 4610 filii

231 4659 359 4720 Martini
384 4659 579 4722 duodecImo
603 4678 636 4720 se
660 4657 846 4720 hominibus
863 4670 976 4720 octavo
1001 4657 1053 4718 die
1077 4675 1227 4738 supereo
1251 4655 1379 4737 jurabit,
1403 4655 1491 4737 quod

230 4765 261 4826 in
280 4764 421 4845 quodam
438 4764 611 4845 iurticinio,
629 4765 660 4826 in
684 4784 749 4845 quo
772 4784 828 4846 per
844 4760 1002 4845 Delasych
1019 4762 1253 4844 inculpabatur‚
1270 4762 1425 4824 innocens
1441 4761 1491 4822 sit.
