3472 5234
157 374 161 382 ,
256 327 299 389 40
673 309 760 365 Anno
783 304 873 384 1376.
899 340 939 350 -
965 304 996 366 ό.
1021 307 1100 367 maii.

1459 411 1518 420 --

274 524 372 599 Feria
399 529 505 600 tercia
534 529 567 597 in
596 527 681 598 festo
710 526 865 598 videlicet
894 527 985 597 beati
1013 526 1179 616 johannis
1207 525 1413 613 evangeliste
1439 532 1519 596 ante

729 657 863 739 portam
890 648 1042 722 latinam.

804 797 851 880 (6.
875 798 972 880 mae).

361 924 470 986 Primo
494 924 603 986 relicta
627 924 752 987 Crisani
777 937 808 985 et
829 924 966 985 Iacobus
989 921 1121 1006 pellifex
1153 937 1263 985 contra
1286 923 1429 985 relictam
1455 923 1510 984 Ni·

255 1031 337 1093 colai
363 1030 474 1093 Touth
498 1031 538 1092 de
563 1030 764 1092 Zomzeduar
787 1042 901 1092 octavo
925 1029 977 1091 die
1002 1029 1253 1112 respondebunt.

362 1137 441 1197 Item
473 1136 624 1198 Nicolaus
654 1135 738 1198 filius
768 1134 893 1197 Nicolai
925 1147 1036 1198 contra
1068 1135 1211 1197 Priorem
1242 1147 1356 1197 octavo
1389 1135 1441 1196 die
1471 1155 1520 1196 re·

255 1242 438 1325 spondebit.

362 1347 440 1408 Item
464 1366 558 1408 causa
581 1346 708 1408 Andree
733 1358 764 1409 et
787 1346 951 1409 Benedicti
983 1345 1072 1428 figuli
1097 1359 1143 1408 est
1175 1367 1232 1429 per
1256 1347 1454 1430 Stephanum
1491 1359 1522 1408 et

257 1452 451 1534 Gregorium
474 1453 592 1535 Augeli
616 1453 656 1514 ad
680 1466 753 1515 octo
777 1453 845 1515 dies
868 1467 995 1535 recepta
1019 1452 1059 1515 ad
1082 1473 1204 1535 pacem.

362 1558 440 1620 Item
465 1579 558 1622 causa
583 1559 691 1621 relicte
709 1559 886 1622 Sabastiaui
904 1574 935 1620 et
959 1559 1042 1621 Petri
1059 1560 1188 1621 sartoris
1211 1573 1257 1622 est
1281 1560 1321 1622 ad
1345 1561 1518 1622 adventum

255 1665 384 1727 testium
408 1665 447 1726 de
472 1666 626 1727 nuudiuis
648 1677 829 1748 prorogata.

361 1770 439 1833 Item
457 1791 550 1835 causa
567 1772 677 1834 Jacobi
695 1770 751 1833 filii
766 1771 865 1833 Marci
882 1784 912 1833 et
925 1771 1054 1833 Audree
1071 1772 1223 1834 aurifabri
1240 1786 1286 1834 est
1302 1792 1359 1855 per
1375 1773 1516 1834 Brumen

254 1874 452 1939 aurifabrum
474 1890 505 1938 et
528 1877 665 1939 Paulum
689 1878 798 1960 Kypar
821 1875 862 1938 ad
886 1889 959 1939 octo
983 1876 1052 1939 dies
1074 1891 1201 1960 recepta
1224 1878 1264 1940 ad
1288 1898 1411 1960 pacem.

360 1983 437 2043 Item
463 2003 557 2045 causa
573 1973 716 2044 Franche
740 1998 771 2044 et
787 1982 915 2044 Martini
941 1983 1110 2065 Zequirich
1128 1999 1173 2046 est
1189 2004 1245 2067 per
1268 1998 1362 2047 testes
1385 1983 1425 2045 ad
1442 1996 1516 2046 octo

158 2090 159 2093 ’
255 2087 324 2149 dies
348 2103 475 2170 recepta
497 2089 538 2151 ad
562 2108 685 2171 pacem.

362 2194 441 2256 Item
466 2193 629 2256 Johannes
653 2194 730 2276 vigil
754 2207 868 2256 octavo
892 2194 945 2256 die
968 2214 1025 2277 per
1055 2195 1244 2274 magistrum
1268 2194 1411 2257 Francha
1436 2196 1519 2258 auri-

257 2297 385 2362 fabrum
410 2300 566 2378 atestabit‚
591 2300 679 2382 quod
702 2301 807 2381 ipsum
825 2299 1005 2382 Stephanus
1023 2299 1118 2361 irater
1135 2301 1264 2362 Martini
1281 2300 1518 2383 vituperaverit.

361 2405 441 2467 Item
465 2425 558 2467 causa
584 2404 738 2467 Iohannis
766 2404 928 2467 Chemerii
962 2418 993 2466 et
1016 2407 1115 2468 Marci
1148 2405 1270 2468 Gemez
1294 2419 1341 2468 est
1371 2426 1428 2489 per
1451 2407 1519 2469 Ma·

255 2530 368 2573 renum
392 2510 432 2571 ad
457 2523 530 2572 octo
555 2509 623 2572 dies
645 2523 772 2592 recepta
796 2510 835 2571 ad
858 2529 983 2592 pacem.

360 2615 439 2677 Item
463 2636 558 2678 causa
581 2615 671 2677 Pauli
697 2616 807 2698 Kypar
831 2629 862 2678 et
886 2617 1023 2699 Mykech
1046 2618 1175 2680 sartoris
1199 2631 1245 2679 est
1267 2638 1325 2701 per
1348 2618 1518 2680 luaninum

255 2734 286 2785 et
310 2721 514 2785 Clementem
537 2721 577 2784 ad
601 2736 674 2785 octo
699 2722 766 2784 dies
790 2736 915 2805 recepta
938 2722 979 2785 ad
1002 2743 1125 2805 pacem.

361 2829 440 2891 Item
464 2829 618 2891 Nicolaus
639 2848 712 2890 cum
737 2827 881 2890 iohanne
899 2842 1013 2891 octavo
1037 2829 1089 2890 die
1105 2829 1222 2912 jurabit
1244 2850 1340 2913 super
1364 2850 1413 2910 eo,
1430 2831 1519 2914 quod

255 2936 361 3018 ipsum
385 2934 577 2997 Valentinus
600 2935 826 2996 verberaverit.

359 3039 437 3102 Item
468 3059 561 3101 causa
594 3040 733 3102 Ladislai
766 3039 850 3102 tular
878 3052 909 3103 et
945 3040 1047 3103 Curse
1087 3041 1354 3105 molendinatoris
1386 3055 1433 3106 est
1462 3063 1519 3126 per

256 3145 391 3207 Paulum
417 3145 527 3227 Kypar
551 3158 582 3206 et
606 3143 808 3206 Clementem
833 3145 873 3206 ad
896 3158 969 3208 octo
998 3146 1066 3208 dies
1090 3161 1216 3230 recepta
1240 3147 1280 3209 ad
1305 3168 1429 3230 pacem.

359 3250 437 3312 Item
462 3250 586 3312 Matina
616 3250 733 3312 mulier
764 3264 874 3312 contra
905 3252 1060 3313 Jacobum
1084 3252 1256 3334 pellificem
1287 3255 1392 3336 primo
1425 3255 1518 3320 citata

255 3373 320 3417 non
345 3356 534 3438 comparuit.

359 3460 438 3523 Item
464 3461 586 3523 Mariua
610 3462 727 3524 mulier
751 3477 860 3524 contra
884 3461 1048 3525 Andream
1071 3477 1171 3526 tascar
1197 3466 1303 3548 primo
1328 3467 1420 3530 citata
1451 3487 1517 3530 non

255 3567 444 3648 comparuit.

361 3672 439 3733 Item
463 3671 598 3734 Mathias
614 3670 698 3734 filius
722 3673 798 3734 Iuan
816 3686 929 3735 octavo
954 3672 1006 3735 die
1029 3673 1098 3756 jura
1118 3677 1287 3739 ostendere
1304 3677 1399 3741 debet
1422 3698 1518 3761 super

255 3777 358 3857 civile,
382 3778 576 3860 respondere
592 3791 700 3840 autem
717 3777 813 3859 debet
825 3792 934 3842 contra
950 3781 1138 3862 magistrum
1155 3781 1298 3844 Francha
1320 3782 1517 3847 aurifabrum

255 3895 286 3945 et
309 3883 402 3944 illum
426 3882 593 3946 homiuem
616 3904 674 3966 pro
700 3904 764 3966 quo
789 3898 836 3947 est
863 3885 1031 3948 fideiussor
1061 3900 1199 3950 statuere
1232 3888 1328 3952 debet
1351 3903 1382 3951 et
1408 3903 1517 3953 contra

254 3988 394 4070 judicem
418 4008 477 4051 nec
501 4009 567 4052 non
590 4010 763 4073 preconem
786 3991 932 4054 similiter
955 3993 1149 4075 respondere
1173 3994 1278 4057 debet.

361 4094 439 4157 Item
462 4095 552 4158 Hans
576 4110 685 4159 contra
702 4097 809 4159 Deseu
826 4111 941 4160 octavo
957 4098 1010 4160 die
1034 4099 1214 4161 duodecem
1230 4100 1376 4182 personis
1400 4099 1518 4182 jurabit

255 4219 350 4281 super
374 4220 423 4280 eo,
447 4199 535 4282 quod
559 4202 619 4263 sibi
643 4203 761 4264 XXXII
793 4217 823 4265 et
851 4203 995 4266 medium
1019 4203 1089 4266 flor.
1122 4224 1187 4266 non
1211 4218 1389 4283 teneretur;
1414 4206 1516 4288 ipsam

254 4318 361 4367 autem
385 4326 513 4368 causam
537 4308 697 4389 predictus
722 4309 827 4371 Deseu
849 4309 888 4370 ad
914 4310 1064 4391 antiquos
1087 4309 1208 4390 judices
1231 4312 1416 4394 appellavit.

359 4410 438 4474 Item
463 4411 624 4475 Johannes
647 4413 732 4475 filius
757 4415 902 4477 Domkus
926 4414 1075 4498 Philippo
1092 4416 1218 4479 medIco
1241 4432 1363 4500 septem
1387 4418 1456 4482 flor.
1482 4420 1515 4481 in

255 4516 428 4597 quindenis
451 4520 620 4600 persolvet.

360 4623 438 4685 Item
462 4644 555 4687 causa
586 4625 696 4687 relicte
728 4625 822 4687 Frich
855 4641 885 4688 et
909 4627 1034 4690 Nicolai
1068 4641 1114 4690 est
1145 4649 1201 4711 per
1224 4629 1345 4711 judices
1368 4630 1408 4693 ad
1440 4644 1514 4695 octo

254 4725 323 4788 dies
346 4743 516 4811 prorogata
540 4730 580 4792 ad
604 4750 727 4814 pacem,
752 4731 898 4813 alioquin
927 4732 1085 4813 justiciam
1117 4732 1271 4797 faciemus
1295 4736 1377 4798 inter
1399 4749 1514 4820 partes.
1593 4810 1596 4815 ¹
