3472 5234
241 344 302 404 3¹2
605 323 691 380 Anno
707 319 803 398 1389.
828 356 869 364 —
893 333 941 397 27.
966 320 1135 380 novembris.

347 536 424 596 Item
462 534 621 615 Georgius
657 547 766 594 contra
803 531 980 613 Georgium
1014 531 1120 593 Zuder
1151 532 1256 614 primo
1290 531 1404 592 citatus
1440 550 1505 592 non

237 641 427 725 comparuit.

343 749 421 810 Item
453 746 562 809 relicta
598 744 738 807 Maurice
774 757 884 806 contra
919 743 1088 806 dominum
1124 743 1304 805 Iohannem
1343 743 1500 805 vicarium

238 855 344 938 primo
369 854 463 916 citata
487 872 551 914 non
573 851 764 933 comparuit.

344 960 423 1022 Item
448 979 542 1021 causa
566 957 728 1020 Valentini
754 975 855 1038 usque
880 969 953 1018 octo
978 956 1046 1017 dies
1070 970 1116 1016 est
1140 969 1321 1038 prorogata.

343 1065 422 1128 Item
447 1064 607 1146 Georgius
622 1077 711 1124 sutor
727 1077 842 1124 octavo
867 1062 918 1124 dle
939 1062 1080 1124 secundo
1097 1083 1128 1122 se
1147 1062 1264 1143 jurabit
1288 1063 1376 1144 quod
1396 1063 1503 1145 ipsum

236 1172 384 1235 Vrbanus
407 1170 616 1231 vulnerasset.

341 1278 420 1338 Item
452 1275 600 1358 Zytaricb
632 1289 746 1336 octavo
779 1274 831 1336 dle
862 1274 961 1336 tercIo
996 1294 1028 1334 se
1060 1292 1156 1355 super
1179 1292 1218 1334 eo
1250 1272 1378 1354 jurabit,
1411 1274 1499 1355 quod

237 1384 306 1467 ipse
330 1383 456 1465 aliquas
480 1402 529 1443 res
553 1382 637 1444 Petri
660 1381 750 1461 longi
775 1400 839 1442 non
863 1379 1062 1441 subtraxerit.

341 1487 420 1549 Item
453 1487 566 1549 Simon
603 1499 712 1548 contra
745 1486 800 1547 Sib
836 1500 951 1548 octavo
984 1485 1035 1545 die
1060 1497 1154 1547 testes
1184 1484 1362 1566 producere
1395 1485 1494 1548 debet

234 1593 401 1655 videlicet:
426 1593 594 1671 Iacobum,
618 1593 702 1653 Iwau
727 1605 880 1655 sutorem.

341 1700 419 1761 Item
451 1698 539 1781 quod
563 1698 639 1780 quia
663 1697 809 1759 Thomas
831 1717 888 1781 pet
911 1709 1006 1760 testes
1029 1695 1174 1760 efficaces
1206 1696 1238 1757 id
1262 1697 1497 1780 comprobavit,

235 1806 323 1888 quod
349 1806 460 1867 Petrus
484 1805 623 1866 decanus
646 1804 707 1865 sibi
739 1803 889 1866 undecim
923 1803 992 1867 flor.
1021 1819 1052 1866 et
1082 1803 1245 1882 sexaginta
1270 1802 1409 1864 denariis
1442 1803 1498 1864 de·

240 1913 325 1974 bitor
348 1910 418 1990 fuit,
443 1911 517 1973 ideo
535 1911 602 1992 ipse
619 1911 729 1971 Petrus
750 1929 852 1992 usque
869 1910 1048 1992 quindenas
1072 1909 1189 1972 dictam
1209 1909 1380 1991 pecuniam
1399 1909 1505 1971 eidem

242 2018 371 2079 Thome
395 2017 518 2078 solvere
536 2016 651 2092 debet;
675 2017 743 2098 ipse
759 2030 867 2078 autem
891 2017 1001 2079 Petrus
1017 2017 1119 2099 ipsam
1137 2036 1265 2078 causam
1289 2015 1329 2077 ad
1354 2017 1506 2098 antiquos

236 2123 358 2205 judices
386 2123 569 2206 appellavit.

342 2230 420 2292 Item
437 2250 531 2292 causa
548 2229 677 2291 Thome
695 2242 803 2291 contra
821 2227 1001 2290 Iohannem
1026 2248 1127 2311 usque
1144 2241 1217 2290 octo
1235 2227 1302 2288 dies
1326 2227 1367 2289 ad
1386 2248 1503 2310 pacem

236 2335 295 2412 (est
319 2335 467 2418 recepta).

342 2443 421 2504 Item
445 2440 592 2525 Zytaricb
609 2454 720 2504 contra
736 2440 944 2504 Valentinum
967 2439 1070 2521 primo
1088 2439 1201 2501 citatus
1218 2459 1283 2500 non
1308 2441 1500 2522 comparuit.

342 2549 420 2611 Item
449 2568 544 2631 super
568 2548 646 2630 quid
672 2547 855 2610 Anthonius
878 2547 966 2608 solus
990 2559 1104 2608 octavo
1137 2545 1188 2607 die
1219 2545 1347 2627 jurabit,
1372 2560 1500 2609 tantum

236 2668 344 2718 autem
368 2653 516 2738 Zytaricb
540 2654 600 2715 sibi
625 2654 749 2716 solvere
774 2653 879 2715 debet.

342 2761 420 2822 Item
450 2760 569 2822 Paulus
596 2773 685 2822 sutor
715 2773 830 2822 octavo
861 2759 913 2820 die
945 2771 1055 2820 contra
1079 2757 1261 2836 Nicolaum,
1295 2757 1500 2839 Gregorium,

235 2868 390 2929 Iacobum
414 2866 612 2928 sacerdotem
636 2879 730 2928 testes
754 2866 929 2947 producere
954 2864 1058 2927 debet.

340 2973 418 3033 Item
433 2971 525 3034 Cilus
538 2984 646 3032 contra
661 2972 790 3032 Petrum
806 2971 964 3032 decanum
973 2971 1077 3052 pslmo
1091 2970 1204 3033 citatus
1221 2990 1286 3031 non
1304 2970 1501 3051 comparuit.

341 3078 420 3138 Item
452 3077 540 3158 quod
572 3077 647 3157 quia
680 3078 791 3138 Petrus
825 3078 999 3158 Hungarus
1038 3076 1141 3138 dictus
1179 3077 1264 3138 tular
1300 3076 1499 3158 Stephanum

234 3183 466 3264 clngulatorem
491 3182 662 3259 interemit,
687 3195 782 3261 prout
799 3181 885 3243 idem
912 3184 1022 3243 Petrus
1040 3183 1071 3243 In
1096 3183 1171 3243 sede
1197 3196 1304 3244 nostra
1328 3182 1496 3263 judiciaria

233 3288 404 3366 affimavit,
438 3288 511 3348 ideo
543 3307 599 3368 per
630 3301 783 3367 cognatos
815 3287 889 3349 dicti
924 3288 1076 3369 Stephani
1110 3289 1317 3369 cingulatoris
1349 3288 1388 3349 de
1425 3289 1494 3370 ipso

234 3395 327 3455 Petro
352 3393 437 3474 juxta
463 3392 642 3453 libertatem
667 3392 802 3454 civitatis
826 3393 965 3455 vindicta
991 3409 1037 3455 est
1060 3408 1259 3477 consumpta.

341 3499 417 3560 Item
443 3498 567 3580 Ciphus
587 3512 701 3559 octavo
719 3499 770 3560 dle
787 3515 896 3561 contra
916 3502 1043 3561 Petrum
1069 3500 1239 3579 decanum,
1257 3501 1388 3562 Petrum
1407 3502 1498 3562 Hun-

236 3625 362 3686 garum,
387 3605 542 3665 Iacobum
568 3604 744 3666 Institorem
770 3619 864 3666 testes
888 3607 1065 3687 producere
1090 3606 1194 3669 debet.

683 3807 865 3877 Sabbatum
894 3828 1049 3896 sequens.
1143 3894 1147 3901 ῃ

726 3957 791 4038 (27.
815 3959 1000 4041 novembris).

610 4103 751 4174 judicium
772 4104 898 4175 judicum
922 4104 1114 4176 antiquorum.

340 4240 417 4300 Item
442 4260 536 4302 causa
561 4242 689 4303 Thome
715 4257 823 4304 contra
849 4245 977 4304 Petrum
1010 4244 1166 4306 decanum
1192 4264 1248 4327 per
1272 4245 1422 4326 antiquos
1447 4246 1494 4327 ju-

233 4345 320 4406 dices
343 4346 388 4406 sic
412 4361 459 4408 est
482 4347 632 4427 judicata,
656 4363 750 4430 prout
781 4349 862 4410 inter
894 4350 976 4431 ipsas
1000 4364 1103 4433 partes
1127 4351 1216 4412 litem
1248 4371 1361 4413 eorum
1386 4371 1492 4433 perce-

234 4451 350 4531 pimus,
377 4466 409 4512 ut
434 4453 500 4531 ipse
524 4453 636 4515 Petrus
659 4474 760 4535 usque
786 4456 965 4536 quindenas
989 4471 1062 4518 octo
1087 4457 1155 4519 flor.
1181 4458 1248 4518 auri
1274 4471 1304 4518 et
1328 4459 1492 4538 sexagInta

234 4554 381 4618 denarios
404 4558 528 4621 solvere
552 4559 687 4638 debeat;
718 4580 813 4643 super
844 4575 950 4623 autem
979 4563 1079 4623 tribus
1110 4563 1241 4625 florenis
1272 4564 1357 4625 idem
1383 4564 1496 4626 Petrus

234 4674 347 4724 octavo
372 4664 424 4725 die
448 4664 572 4744 jurabit,
598 4680 632 4728 ut
655 4667 721 4748 ipse
746 4680 809 4729 tres
833 4667 902 4729 flor.
926 4670 965 4730 ab
991 4669 1060 4750 ipso
1085 4670 1214 4731 Thomu
1239 4684 1383 4752 tempore
1409 4671 1495 4732 ordi-

235 4767 380 4831 nacionis
405 4769 485 4832 inter
510 4771 596 4854 ipsos
621 4770 702 4834 facte
726 4792 791 4835 non
819 4772 981 4835 habuisset
1005 4793 1063 4836 nec
1088 4775 1292 4858 percepisset.
