3472 5234
224 312 264 372 86

617 313 705 369 Anno
727 322 814 388 1377.
839 346 881 354 —
903 308 956 373 28.
980 313 1092 386 aprilis.

329 523 407 585 Item
432 523 506 604 quia
532 523 694 584 Iohannes
727 523 842 584 Lieber
873 523 1034 605 quandam
1067 524 1195 585 vineam
1227 524 1365 586 condam
1389 524 1484 585 Blasii

226 628 302 692 dicti
327 629 540 707 Bremennak,
565 629 642 689 dum
666 629 698 690 in
725 626 808 690 iacto
825 629 960 692 civitatis
983 630 1023 690 ad
1041 629 1208 691 dominum
1234 648 1342 710 regem
1367 630 1484 708 ivisset,

223 756 240 796 a
265 735 458 797 vendicione
482 749 513 796 et
537 736 705 817 empcione
730 735 892 816 quoslibet
915 735 1141 818 prohibuisset,
1159 737 1261 819 ipsam
1285 738 1413 799 interim
1438 738 1484 799 vi-

223 860 317 902 neam
343 840 480 923 Mykech
509 839 594 902 filius
625 841 753 903 Martini
787 854 894 903 noster
925 842 1064 903 concivis
1095 843 1202 924 precio
1226 843 1282 904 XII
1306 862 1485 905 marcarum

223 959 438 1029 comparasset
461 966 527 1008 non
550 949 697 1010 obstante
715 945 937 1029 prohibicione
954 947 1106 1029 predicta,
1124 961 1155 1010 et
1179 949 1254 1030 quia
1271 949 1485 1031 propinquior

224 1071 304 1114 uxor
329 1053 428 1135 ipsius
444 1052 599 1114 Iohannis
623 1053 739 1114 Lieber
755 1053 855 1114 nostri
872 1053 1037 1114 assessoris
1053 1053 1196 1135 predicto
1217 1055 1324 1115 Blasio
1348 1054 1485 1137 reperie-

224 1161 328 1237 batur,
347 1158 482 1220 eandem
507 1158 566 1220 sibi
585 1157 840 1239 adjudicavimus
860 1174 1015 1240 perpetuo
1032 1158 1259 1241 possidendam
1277 1174 1307 1221 et
1330 1161 1487 1242 predictas

223 1264 281 1325 XII
306 1284 428 1326 marcas
451 1283 553 1346 usque
578 1263 665 1325 diem
688 1264 822 1325 tercium
855 1263 976 1325 dandas
1000 1283 1056 1344 per
1087 1264 1237 1342 eundem,
1268 1265 1356 1346 prius
1379 1278 1486 1326 tamen

224 1370 372 1452 deposito
389 1370 570 1452 juramento
588 1389 643 1452 per
667 1370 846 1431 Iohannem
863 1369 1053 1451 predictum,
1070 1369 1159 1451 quod
1177 1369 1257 1431 nulli
1275 1370 1367 1431 alteri
1385 1370 1487 1452 ipsam

223 1489 424 1559 compararet
447 1477 508 1537 nisi
533 1476 593 1536 sibi
618 1488 649 1536 et
672 1495 727 1537 sue
752 1475 842 1536 uxori
871 1474 1048 1550 antedicte3
1074 1475 1240 1556 ipsamque
1263 1495 1391 1536 causam
1416 1495 1486 1557 pre·

224 1583 327 1645 dictus
359 1582 496 1665 Mykech
525 1582 565 1642 ad
597 1582 747 1662 antiquos
777 1581 898 1662 judices
929 1580 1103 1661 appellavit
1135 1581 1174 1642 ad
1206 1581 1375 1643 sabbatum
1399 1601 1492 1644 nunc.

224 1689 406 1752 instantem.

330 1794 408 1857 Item
440 1792 588 1875 Mychael
616 1792 701 1854 filius
728 1792 818 1853 Pauli
844 1792 876 1852 in
900 1791 1072 1873 quindenis
1096 1791 1233 1852 Iohanni
1259 1793 1338 1853 duas
1360 1811 1492 1854 marcas

225 1900 430 1962 denariorum
455 1912 584 1981 propter
607 1919 664 1960 sua
680 1898 836 1980 vituperia
865 1897 1028 1958 exsolvere
1056 1898 1152 1959 debet
1179 1911 1210 1958 et
1225 1896 1323 1978 judici
1341 1897 1482 1959 mediam

223 2025 375 2068 marcam.

330 2111 409 2173 Item
434 2110 623 2172 Dominicus
640 2110 756 2191 jurabit
780 2110 868 2191 quod
886 2109 952 2191 ipse
975 2123 1112 2190 quatuor
1129 2107 1198 2170 flor.
1222 2107 1263 2169 ad
1287 2108 1390 2170 Iusich
1408 2109 1483 2171 dare

224 2236 290 2278 non
316 2217 405 2278 dixit.

330 2322 407 2383 Item
432 2320 607 2402 Gregorius
631 2341 664 2382 se
680 2322 796 2382 tercius
820 2321 936 2401 jurabit
959 2319 1036 2382 feria
1053 2321 1149 2382 tercia
1170 2334 1242 2401 post
1265 2318 1381 2382 lestum
1399 2322 1483 2383 beati

226 2427 357 2509 Georgii
382 2427 519 2489 martiris
543 2446 638 2508 super
661 2447 711 2505 eo,
728 2427 816 2508 quod
834 2428 901 2509 ipse
917 2427 1061 2509 predicto
1087 2426 1258 2488 Dominico
1283 2427 1352 2487 XIII
1377 2427 1485 2509 pensis

225 2534 429 2595 denariorum
454 2553 520 2594 non
543 2545 713 2595 teneretur.

330 2640 408 2702 Item
432 2640 598 2702 Cristanus
621 2653 730 2701 contra
756 2640 885 2700 Petrum
909 2637 1051 2700 secundo
1069 2638 1182 2699 citatus
1204 2658 1268 2700 non
1293 2640 1484 2721 comparuit.

369 2861 515 2932 Sabbato
545 2862 697 2949 sequenti
726 2834 801 2948 post
830 2858 1015 2947 predictam
1043 2858 1162 2929 leriam
1192 2865 1336 2929 sextam.

751 3007 815 3087 (18.
832 3011 957 3086 aprilis).

416 3152 505 3210 dctus
528 3153 709 3224 antiquorum
730 3153 864 3224 judicum,
888 3153 1030 3209 tribunale
1053 3154 1081 3208 et
1104 3152 1291 3224 adjudicacio.

335 3291 442 3352 Primo
467 3291 599 3351 domina
626 3288 824 3368 Margaretha
857 3309 937 3350 uxor
969 3290 1123 3351 Iohannis
1148 3291 1264 3351 Lieber
1289 3289 1366 3351 feria
1390 3290 1487 3351 tercia

226 3397 382 3478 proxima,
406 3416 490 3457 nunc
513 3395 657 3477 proxime
691 3408 835 3472 ventura,
859 3394 976 3475 jurabit
996 3396 1062 3456 sola
1087 3411 1197 3457 contra
1223 3396 1360 3478 Mykech
1383 3395 1486 3458 filium

227 3503 355 3563 Martini
381 3521 475 3583 super
499 3521 548 3578 eo,
574 3499 661 3581 quod
687 3501 753 3580 ipsa
778 3519 842 3560 non
861 3501 1071 3562 consensisset
1095 3521 1201 3563 emere
1225 3503 1284 3563 sibi
1309 3501 1486 3584 predictam

227 3607 354 3668 vineam
379 3606 475 3668 Blasii
509 3608 720 3683 Bremennak,
753 3619 783 3667 et
815 3605 945 3667 demum
979 3606 1140 3667 Iohannes
1172 3608 1287 3669 Lieber
1310 3609 1427 3689 jurabit
1453 3620 1488 3670 ut
1571 3640 1576 3648 ·

227 3725 273 3774 est
290 3732 489 3794 expressum;
506 3712 686 3791 juramento
703 3712 810 3791 itaque
828 3711 974 3794 deposito
991 3732 1144 3792 expensas
1156 3734 1212 3794 per
1229 3714 1333 3795 ipsum
1349 3713 1484 3797 Mykech

227 3837 320 3899 super
352 3818 419 3899 ipsa
457 3818 550 3879 vinea
583 3830 749 3897 erogatas,
781 3818 868 3898 prius
899 3837 956 3900 per
987 3819 1091 3899 ipsum
1122 3817 1303 3899 juramento
1338 3820 1486 3882 slmiliter

228 3923 388 4004 deposito,
424 3922 509 3983 idem
540 3922 702 3983 Iohannes
733 3923 891 4002 exsolvet,
924 3923 1122 4005 ipsaquoque
1155 3924 1247 3985 vinea
1272 3925 1332 3986 sibi
1364 3938 1394 3986 et
1431 3945 1486 3986 sue

227 4029 317 4090 uxori
342 4028 531 4090 devolvetur
555 4029 682 4111 proprie
705 4028 908 4110 possidenda.

254 4243 351 4319 Faria
380 4249 485 4319 tercia
523 4249 676 4335 proxima
708 4255 785 4335 post
817 4246 939 4317 lestum
977 4248 1066 4318 beati
1096 4249 1199 4319 llarci
1237 4251 1460 4337 evangeliste.

739 4395 805 4474 (28.
834 4397 958 4471 aprilis).

334 4535 441 4597 Primo
466 4536 626 4598 Iohannes
650 4536 812 4598 Chemerii
840 4550 951 4599 contra
976 4535 1174 4618 Stephanum
1206 4539 1348 4601 secundo
1372 4541 1486 4603 citatus

229 4660 295 4704 non
327 4643 515 4724 comparuit.

336 4745 413 4808 Item
437 4749 619 4812 Alexander
635 4770 693 4811 suo
709 4749 865 4831 premisso
881 4748 1066 4812 testimonio
1083 4750 1228 4812 atestavit
1244 4751 1276 4812 in
1293 4752 1355 4814 hiis
1370 4752 1487 4834 verbis,
