<?xml version="1.0" encoding="UTF-8"?>
<!DOCTYPE html PUBLIC "-//W3C//DTD XHTML 1.0 Transitional//EN"
    "http://www.w3.org/TR/xhtml1/DTD/xhtml1-transitional.dtd">
<html xmlns="http://www.w3.org/1999/xhtml" xml:lang="en" lang="en">
 <head>
  <title>
</title>
<meta http-equiv="Content-Type" content="text/html;charset=utf-8" />
  <meta name='ocr-system' content='tesseract 3.04.00' />
  <meta name='ocr-capabilities' content='ocr_page ocr_carea ocr_par ocr_line ocrx_word'/>
</head>
<body>
  <div class='ocr_page' id='page_1' title='image "./monumentahistor09laszgoog/monumentahistor09laszgoog_0176.png"; bbox 0 0 3472 5234; ppageno 0'>
   <div class='ocr_carea' id='block_1_1' title="bbox 235 319 1078 400">
    <p class='ocr_par' dir='ltr' id='par_1_1' title="bbox 235 319 1078 400">
     <span class='ocr_line' id='line_1_1' title="bbox 235 319 1078 400; baseline -0.004 -16"><span class='ocrx_word' id='word_1_1' title='bbox 235 323 293 384; x_wconf 90' lang='lat'><strong>128</strong></span> <span class='ocrx_word' id='word_1_2' title='bbox 634 319 834 400; x_wconf 74' lang='lat' dir='ltr'><strong>Ann01378.</strong></span> <span class='ocrx_word' id='word_1_3' title='bbox 858 358 902 368; x_wconf 94' lang='lat'><em>-</em></span> <span class='ocrx_word' id='word_1_4' title='bbox 926 338 972 385; x_wconf 80' lang='lat'><strong>11.</strong></span> <span class='ocrx_word' id='word_1_5' title='bbox 997 325 1078 382; x_wconf 81' lang='lat' dir='ltr'><strong>maii.</strong></span> 
     </span>
    </p>
   </div>
   <div class='ocr_carea' id='block_1_2' title="bbox 232 579 1495 775">
    <p class='ocr_par' dir='ltr' id='par_1_2' title="bbox 232 579 1495 775">
     <span class='ocr_line' id='line_1_2' title="bbox 232 579 1495 670; baseline -0.007 -15"><span class='ocrx_word' id='word_1_6' title='bbox 232 580 328 654; x_wconf 89' lang='lat' dir='ltr'><strong>Ferla</strong></span> <span class='ocrx_word' id='word_1_7' title='bbox 355 583 463 653; x_wconf 85' lang='lat' dir='ltr'><strong>tercia</strong></span> <span class='ocrx_word' id='word_1_8' title='bbox 491 582 647 670; x_wconf 81' lang='lat' dir='ltr'><strong>proxima</strong></span> <span class='ocrx_word' id='word_1_9' title='bbox 666 588 743 670; x_wconf 87' lang='lat' dir='ltr'><strong>post</strong></span> <span class='ocrx_word' id='word_1_10' title='bbox 770 580 894 652; x_wconf 80' lang='lat' dir='ltr'><strong>festum</strong></span> <span class='ocrx_word' id='word_1_11' title='bbox 922 581 1033 651; x_wconf 87' lang='lat' dir='ltr'><strong>sancti</strong></span> <span class='ocrx_word' id='word_1_12' title='bbox 1061 579 1226 669; x_wconf 85' lang='lat' dir='ltr'><strong>Johannis</strong></span> <span class='ocrx_word' id='word_1_13' title='bbox 1253 584 1331 649; x_wconf 88' lang='lat' dir='ltr'><strong>ante</strong></span> <span class='ocrx_word' id='word_1_14' title='bbox 1361 581 1495 666; x_wconf 87' lang='lat' dir='ltr'><strong>portam</strong></span> 
     </span>
     <span class='ocr_line' id='line_1_3' title="bbox 788 704 939 775; baseline 0.007 -1"><span class='ocrx_word' id='word_1_15' title='bbox 788 704 939 775; x_wconf 88' lang='lat' dir='ltr'><strong>latinam.</strong></span> 
     </span>
    </p>
   </div>
   <div class='ocr_carea' id='block_1_3' title="bbox 778 870 962 953">
    <p class='ocr_par' dir='ltr' id='par_1_3' title="bbox 778 870 962 953">
     <span class='ocr_line' id='line_1_4' title="bbox 778 870 962 953; baseline 0.005 -22"><span class='ocrx_word' id='word_1_16' title='bbox 778 870 842 953; x_wconf 87' lang='lat'><strong>(11.</strong></span> <span class='ocrx_word' id='word_1_17' title='bbox 865 875 962 948; x_wconf 84' lang='lat' dir='ltr'><strong>maii).</strong></span> 
     </span>
    </p>
   </div>
   <div class='ocr_carea' id='block_1_4' title="bbox 234 1008 1506 4498">
    <p class='ocr_par' dir='ltr' id='par_1_4' title="bbox 234 1008 1496 1222">
     <span class='ocr_line' id='line_1_5' title="bbox 340 1008 1496 1110; baseline -0.007 -16"><span class='ocrx_word' id='word_1_18' title='bbox 340 1033 448 1094; x_wconf 90' lang='lat' dir='ltr'><strong>Primo</strong></span> <span class='ocrx_word' id='word_1_19' title='bbox 488 1032 592 1093; x_wconf 88' lang='lat' dir='ltr'><strong>Blasia</strong></span> <span class='ocrx_word' id='word_1_20' title='bbox 634 1032 750 1093; x_wconf 92' lang='lat' dir='ltr'><strong>mulier</strong></span> <span class='ocrx_word' id='word_1_21' title='bbox 785 1045 894 1094; x_wconf 86' lang='lat' dir='ltr'><strong>contra</strong></span> <span class='ocrx_word' id='word_1_22' title='bbox 937 1031 1109 1092; x_wconf 83' lang='lat' dir='ltr'>Nicolaum</span> <span class='ocrx_word' id='word_1_23' title='bbox 1150 1029 1254 1110; x_wconf 90' lang='lat' dir='ltr'><strong>primo</strong></span> <span class='ocrx_word' id='word_1_24' title='bbox 1297 1028 1391 1106; x_wconf 87' lang='lat' dir='ltr'><strong>citata</strong></span> <span class='ocrx_word' id='word_1_25' title='bbox 1428 1008 1496 1087; x_wconf 82' lang='lat' dir='ltr'><strong>non</strong></span> 
     </span>
     <span class='ocr_line' id='line_1_6' title="bbox 234 1132 1109 1222; baseline -0.014 -20"><span class='ocrx_word' id='word_1_26' title='bbox 234 1139 423 1222; x_wconf 82' lang='lat' dir='ltr'><strong>comparuit.</strong></span> <span class='ocrx_word' id='word_1_27' title='bbox 1106 1132 1109 1137; x_wconf 79' lang='grc'><strong><em>’</em></strong></span> 
     </span>
    </p>

    <p class='ocr_par' dir='ltr' id='par_1_5' title="bbox 235 1240 1495 1431">
     <span class='ocr_line' id='line_1_7' title="bbox 342 1240 1495 1323; baseline -0.004 -19"><span class='ocrx_word' id='word_1_28' title='bbox 342 1244 420 1305; x_wconf 90' lang='lat' dir='ltr'>Item</span> <span class='ocrx_word' id='word_1_29' title='bbox 444 1244 529 1305; x_wconf 95' lang='lat' dir='ltr'><strong>Vido</strong></span> <span class='ocrx_word' id='word_1_30' title='bbox 553 1258 653 1306; x_wconf 84' lang='lat' dir='ltr'>sartor</span> <span class='ocrx_word' id='word_1_31' title='bbox 677 1258 786 1306; x_wconf 92' lang='lat' dir='ltr'><strong>contra</strong></span> <span class='ocrx_word' id='word_1_32' title='bbox 810 1244 982 1306; x_wconf 82' lang='lat' dir='ltr'><strong>Nicolaum</strong></span> <span class='ocrx_word' id='word_1_33' title='bbox 1006 1241 1219 1304; x_wconf 87' lang='lat' dir='ltr'><strong>ZrebernIcha</strong></span> <span class='ocrx_word' id='word_1_34' title='bbox 1243 1241 1348 1323; x_wconf 91' lang='lat' dir='ltr'><strong>primo</strong></span> <span class='ocrx_word' id='word_1_35' title='bbox 1381 1240 1495 1301; x_wconf 90' lang='lat' dir='ltr'><strong>citatus</strong></span> 
     </span>
     <span class='ocr_line' id='line_1_8' title="bbox 235 1349 515 1431; baseline 0.004 -19"><span class='ocrx_word' id='word_1_36' title='bbox 235 1370 300 1412; x_wconf 93' lang='lat' dir='ltr'><strong>non</strong></span> <span class='ocrx_word' id='word_1_37' title='bbox 325 1349 515 1431; x_wconf 81' lang='lat' dir='ltr'><strong>comparuit.</strong></span> 
     </span>
    </p>

    <p class='ocr_par' dir='ltr' id='par_1_6' title="bbox 341 1451 1497 1537">
     <span class='ocr_line' id='line_1_9' title="bbox 341 1451 1497 1537; baseline -0.003 -21"><span class='ocrx_word' id='word_1_38' title='bbox 341 1455 418 1518; x_wconf 90' lang='lat' dir='ltr'><strong>Item</strong></span> <span class='ocrx_word' id='word_1_39' title='bbox 433 1455 585 1517; x_wconf 81' lang='lat' dir='ltr'><strong>Clemens</strong></span> <span class='ocrx_word' id='word_1_40' title='bbox 597 1469 684 1517; x_wconf 92' lang='lat' dir='ltr'><strong>sutor</strong></span> <span class='ocrx_word' id='word_1_41' title='bbox 694 1456 872 1517; x_wconf 86' lang='lat' dir='ltr'><strong>Laurencio</strong></span> <span class='ocrx_word' id='word_1_42' title='bbox 886 1456 919 1517; x_wconf 84' lang='lat' dir='ltr'><strong>In</strong></span> <span class='ocrx_word' id='word_1_43' title='bbox 932 1454 1104 1537; x_wconf 87' lang='lat' dir='ltr'><strong>quindenis</strong></span> <span class='ocrx_word' id='word_1_44' title='bbox 1118 1453 1208 1515; x_wconf 86' lang='lat' dir='ltr'>XXII</span> <span class='ocrx_word' id='word_1_45' title='bbox 1218 1472 1331 1536; x_wconf 88' lang='lat' dir='ltr'><strong>pensas</strong></span> <span class='ocrx_word' id='word_1_46' title='bbox 1345 1451 1497 1513; x_wconf 79' lang='lat' dir='ltr'><strong>exsolvet.</strong></span> 
     </span>
    </p>

    <p class='ocr_par' dir='ltr' id='par_1_7' title="bbox 343 1556 1453 1643">
     <span class='ocr_line' id='line_1_10' title="bbox 343 1556 1453 1643; baseline -0.004 -20"><span class='ocrx_word' id='word_1_47' title='bbox 343 1563 420 1624; x_wconf 91' lang='lat' dir='ltr'><strong>Item</strong></span> <span class='ocrx_word' id='word_1_48' title='bbox 445 1562 598 1624; x_wconf 90' lang='lat' dir='ltr'><strong>Nicolaus</strong></span> <span class='ocrx_word' id='word_1_49' title='bbox 613 1575 723 1623; x_wconf 86' lang='lat' dir='ltr'><strong>contra</strong></span> <span class='ocrx_word' id='word_1_50' title='bbox 747 1561 882 1623; x_wconf 91' lang='lat' dir='ltr'><strong>luchech</strong></span> <span class='ocrx_word' id='word_1_51' title='bbox 907 1561 1011 1643; x_wconf 91' lang='lat' dir='ltr'><strong>primo</strong></span> <span class='ocrx_word' id='word_1_52' title='bbox 1034 1560 1149 1622; x_wconf 89' lang='lat' dir='ltr'><strong>citatus</strong></span> <span class='ocrx_word' id='word_1_53' title='bbox 1172 1578 1236 1620; x_wconf 94' lang='lat' dir='ltr'><strong>non</strong></span> <span class='ocrx_word' id='word_1_54' title='bbox 1261 1556 1453 1639; x_wconf 88' lang='lat' dir='ltr'><strong>comparuit.</strong></span> 
     </span>
    </p>

    <p class='ocr_par' dir='ltr' id='par_1_8' title="bbox 237 1660 1499 1857">
     <span class='ocr_line' id='line_1_11' title="bbox 342 1660 1499 1749; baseline -0.005 -20"><span class='ocrx_word' id='word_1_55' title='bbox 342 1669 420 1730; x_wconf 91' lang='lat' dir='ltr'><strong>Item</strong></span> <span class='ocrx_word' id='word_1_56' title='bbox 445 1688 538 1729; x_wconf 87' lang='lat' dir='ltr'><strong>causa</strong></span> <span class='ocrx_word' id='word_1_57' title='bbox 563 1668 674 1729; x_wconf 91' lang='lat' dir='ltr'><strong>Jacobi</strong></span> <span class='ocrx_word' id='word_1_58' title='bbox 698 1681 728 1728; x_wconf 86' lang='lat' dir='ltr'><strong>et</strong></span> <span class='ocrx_word' id='word_1_59' title='bbox 746 1667 831 1749; x_wconf 88' lang='lat' dir='ltr'><strong>Span</strong></span> <span class='ocrx_word' id='word_1_60' title='bbox 853 1681 900 1728; x_wconf 91' lang='lat' dir='ltr'><strong>est</strong></span> <span class='ocrx_word' id='word_1_61' title='bbox 915 1686 972 1749; x_wconf 90' lang='lat' dir='ltr'><strong>per</strong></span> <span class='ocrx_word' id='word_1_62' title='bbox 988 1665 1152 1728; x_wconf 90' lang='lat' dir='ltr'><strong>Jaklinum</strong></span> <span class='ocrx_word' id='word_1_63' title='bbox 1176 1677 1208 1727; x_wconf 92' lang='lat' dir='ltr'><strong>et</strong></span> <span class='ocrx_word' id='word_1_64' title='bbox 1224 1663 1397 1726; x_wconf 90' lang='lat' dir='ltr'><strong>Lucasium</strong></span> <span class='ocrx_word' id='word_1_65' title='bbox 1413 1660 1499 1723; x_wconf 90' lang='lat' dir='ltr'><strong>selli-</strong></span> 
     </span>
     <span class='ocr_line' id='line_1_12' title="bbox 237 1772 971 1857; baseline -0.001 -21"><span class='ocrx_word' id='word_1_66' title='bbox 237 1794 350 1857; x_wconf 91' lang='lat' dir='ltr'><strong>parum</strong></span> <span class='ocrx_word' id='word_1_67' title='bbox 376 1775 416 1836; x_wconf 95' lang='lat' dir='ltr'><strong>ad</strong></span> <span class='ocrx_word' id='word_1_68' title='bbox 441 1787 514 1835; x_wconf 92' lang='lat' dir='ltr'><strong>octo</strong></span> <span class='ocrx_word' id='word_1_69' title='bbox 538 1773 606 1835; x_wconf 92' lang='lat' dir='ltr'><strong>dies</strong></span> <span class='ocrx_word' id='word_1_70' title='bbox 630 1787 755 1855; x_wconf 88' lang='lat' dir='ltr'><strong>recepta</strong></span> <span class='ocrx_word' id='word_1_71' title='bbox 780 1772 821 1834; x_wconf 91' lang='lat' dir='ltr'><strong>ad</strong></span> <span class='ocrx_word' id='word_1_72' title='bbox 849 1791 971 1856; x_wconf 85' lang='lat' dir='ltr'><strong>pacem.</strong></span> 
     </span>
    </p>

    <p class='ocr_par' dir='ltr' id='par_1_9' title="bbox 238 1876 1500 2067">
     <span class='ocr_line' id='line_1_13' title="bbox 343 1876 1500 1960; baseline -0.003 -20"><span class='ocrx_word' id='word_1_73' title='bbox 343 1879 421 1941; x_wconf 91' lang='lat' dir='ltr'><strong>Item</strong></span> <span class='ocrx_word' id='word_1_74' title='bbox 446 1899 539 1940; x_wconf 88' lang='lat' dir='ltr'><strong>causa</strong></span> <span class='ocrx_word' id='word_1_75' title='bbox 575 1879 651 1941; x_wconf 90' lang='lat' dir='ltr'><strong>Iuan</strong></span> <span class='ocrx_word' id='word_1_76' title='bbox 683 1892 715 1941; x_wconf 91' lang='lat' dir='ltr'><strong>et</strong></span> <span class='ocrx_word' id='word_1_77' title='bbox 746 1878 901 1941; x_wconf 83' lang='lat' dir='ltr'><strong>Iohannis</strong></span> <span class='ocrx_word' id='word_1_78' title='bbox 930 1891 976 1940; x_wconf 88' lang='lat' dir='ltr'><strong>est</strong></span> <span class='ocrx_word' id='word_1_79' title='bbox 1006 1898 1063 1960; x_wconf 90' lang='lat' dir='ltr'><strong>per</strong></span> <span class='ocrx_word' id='word_1_80' title='bbox 1094 1876 1289 1959; x_wconf 84' lang='lat' dir='ltr'><strong>Gregorium</strong></span> <span class='ocrx_word' id='word_1_81' title='bbox 1326 1895 1438 1937; x_wconf 90' lang='lat' dir='ltr'><strong>voscar</strong></span> <span class='ocrx_word' id='word_1_82' title='bbox 1469 1888 1500 1936; x_wconf 91' lang='lat' dir='ltr'><strong>et</strong></span> 
     </span>
     <span class='ocr_line' id='line_1_14' title="bbox 238 1984 1059 2067; baseline -0.005 -18"><span class='ocrx_word' id='word_1_83' title='bbox 238 1987 443 2049; x_wconf 89' lang='lat' dir='ltr'><strong>Clementem</strong></span> <span class='ocrx_word' id='word_1_84' title='bbox 470 1985 509 2046; x_wconf 89' lang='lat' dir='ltr'><strong>ad</strong></span> <span class='ocrx_word' id='word_1_85' title='bbox 534 1999 607 2047; x_wconf 88' lang='lat' dir='ltr'><strong>octo</strong></span> <span class='ocrx_word' id='word_1_86' title='bbox 632 1986 700 2047; x_wconf 93' lang='lat' dir='ltr'><strong>dies</strong></span> <span class='ocrx_word' id='word_1_87' title='bbox 723 1999 849 2067; x_wconf 87' lang='lat' dir='ltr'><strong>recepta</strong></span> <span class='ocrx_word' id='word_1_88' title='bbox 873 1984 913 2046; x_wconf 87' lang='lat' dir='ltr'><strong>ad</strong></span> <span class='ocrx_word' id='word_1_89' title='bbox 937 2004 1059 2067; x_wconf 89' lang='lat' dir='ltr'><strong>pacem.</strong></span> 
     </span>
    </p>

    <p class='ocr_par' dir='ltr' id='par_1_10' title="bbox 346 2087 1499 2170">
     <span class='ocr_line' id='line_1_15' title="bbox 346 2087 1499 2170; baseline -0.005 -16"><span class='ocrx_word' id='word_1_90' title='bbox 346 2092 423 2154; x_wconf 91' lang='lat' dir='ltr'><strong>Item</strong></span> <span class='ocrx_word' id='word_1_91' title='bbox 448 2092 610 2154; x_wconf 86' lang='lat' dir='ltr'><strong>Iohannes</strong></span> <span class='ocrx_word' id='word_1_92' title='bbox 634 2092 732 2153; x_wconf 89' lang='lat' dir='ltr'><strong>Pazar</strong></span> <span class='ocrx_word' id='word_1_93' title='bbox 756 2106 866 2153; x_wconf 93' lang='lat' dir='ltr'><strong>contra</strong></span> <span class='ocrx_word' id='word_1_94' title='bbox 882 2092 1046 2153; x_wconf 80' lang='lat' dir='ltr'><strong>Jaklinum</strong></span> <span class='ocrx_word' id='word_1_95' title='bbox 1070 2104 1184 2152; x_wconf 81' lang='lat' dir='ltr'><strong>octavo</strong></span> <span class='ocrx_word' id='word_1_96' title='bbox 1209 2089 1261 2151; x_wconf 92' lang='lat' dir='ltr'><strong>die</strong></span> <span class='ocrx_word' id='word_1_97' title='bbox 1278 2087 1499 2170; x_wconf 84' lang='lat' dir='ltr'><strong>respondebit.</strong></span> 
     </span>
    </p>

    <p class='ocr_par' dir='ltr' id='par_1_11' title="bbox 238 2193 1500 2384">
     <span class='ocr_line' id='line_1_16' title="bbox 346 2193 1500 2280; baseline -0.003 -22"><span class='ocrx_word' id='word_1_98' title='bbox 346 2197 423 2258; x_wconf 92' lang='lat' dir='ltr'><strong>Item</strong></span> <span class='ocrx_word' id='word_1_99' title='bbox 448 2217 543 2259; x_wconf 89' lang='lat' dir='ltr'><strong>causa</strong></span> <span class='ocrx_word' id='word_1_100' title='bbox 568 2197 694 2258; x_wconf 81' lang='lat' dir='ltr'><strong>Andree</strong></span> <span class='ocrx_word' id='word_1_101' title='bbox 719 2210 750 2258; x_wconf 93' lang='lat' dir='ltr'><strong>et</strong></span> <span class='ocrx_word' id='word_1_102' title='bbox 774 2196 950 2280; x_wconf 86' lang='lat' dir='ltr'><strong>Mychaelis</strong></span> <span class='ocrx_word' id='word_1_103' title='bbox 974 2211 1020 2258; x_wconf 90' lang='lat' dir='ltr'><strong>est</strong></span> <span class='ocrx_word' id='word_1_104' title='bbox 1044 2216 1100 2278; x_wconf 93' lang='lat' dir='ltr'><strong>per</strong></span> <span class='ocrx_word' id='word_1_105' title='bbox 1121 2195 1325 2258; x_wconf 90' lang='lat' dir='ltr'><strong>Clementem</strong></span> <span class='ocrx_word' id='word_1_106' title='bbox 1350 2207 1381 2256; x_wconf 91' lang='lat' dir='ltr'><strong>et</strong></span> <span class='ocrx_word' id='word_1_107' title='bbox 1403 2193 1500 2255; x_wconf 89' lang='lat' dir='ltr'><strong>Nico-</strong></span> 
     </span>
     <span class='ocr_line' id='line_1_17' title="bbox 238 2302 942 2384; baseline -0.001 -20"><span class='ocrx_word' id='word_1_108' title='bbox 238 2303 327 2364; x_wconf 89' lang='lat' dir='ltr'><strong>laum</strong></span> <span class='ocrx_word' id='word_1_109' title='bbox 351 2304 392 2364; x_wconf 93' lang='lat' dir='ltr'><strong>ad</strong></span> <span class='ocrx_word' id='word_1_110' title='bbox 416 2315 489 2363; x_wconf 90' lang='lat' dir='ltr'><strong>octo</strong></span> <span class='ocrx_word' id='word_1_111' title='bbox 514 2302 582 2363; x_wconf 87' lang='lat' dir='ltr'><strong>dies</strong></span> <span class='ocrx_word' id='word_1_112' title='bbox 605 2317 731 2384; x_wconf 90' lang='lat' dir='ltr'><strong>recepta</strong></span> <span class='ocrx_word' id='word_1_113' title='bbox 756 2302 796 2364; x_wconf 91' lang='lat' dir='ltr'><strong>ad</strong></span> <span class='ocrx_word' id='word_1_114' title='bbox 820 2322 942 2384; x_wconf 88' lang='lat' dir='ltr'><strong>pacem.</strong></span> 
     </span>
    </p>

    <p class='ocr_par' dir='ltr' id='par_1_12' title="bbox 240 2405 1501 2596">
     <span class='ocr_line' id='line_1_18' title="bbox 347 2405 1501 2491; baseline -0.004 -21"><span class='ocrx_word' id='word_1_115' title='bbox 347 2409 424 2471; x_wconf 92' lang='lat' dir='ltr'><strong>Item</strong></span> <span class='ocrx_word' id='word_1_116' title='bbox 451 2408 604 2470; x_wconf 89' lang='lat' dir='ltr'><strong>Nicolaus</strong></span> <span class='ocrx_word' id='word_1_117' title='bbox 628 2408 867 2469; x_wconf 90' lang='lat' dir='ltr'><strong>molendinator</strong></span> <span class='ocrx_word' id='word_1_118' title='bbox 890 2421 1000 2469; x_wconf 87' lang='lat' dir='ltr'><strong>contra</strong></span> <span class='ocrx_word' id='word_1_119' title='bbox 1032 2409 1124 2469; x_wconf 89' lang='lat' dir='ltr'><strong>Mark</strong></span> <span class='ocrx_word' id='word_1_120' title='bbox 1147 2407 1252 2491; x_wconf 93' lang='lat' dir='ltr'><strong>primo</strong></span> <span class='ocrx_word' id='word_1_121' title='bbox 1285 2405 1399 2467; x_wconf 87' lang='lat' dir='ltr'><strong>citatus</strong></span> <span class='ocrx_word' id='word_1_122' title='bbox 1435 2423 1501 2465; x_wconf 95' lang='lat' dir='ltr'><strong>non</strong></span> 
     </span>
     <span class='ocr_line' id='line_1_19' title="bbox 240 2514 429 2596; baseline 0 -20"><span class='ocrx_word' id='word_1_123' title='bbox 240 2514 429 2596; x_wconf 89' lang='lat' dir='ltr'><strong>comparuit.</strong></span> 
     </span>
    </p>

    <p class='ocr_par' dir='ltr' id='par_1_13' title="bbox 240 2615 1500 2807">
     <span class='ocr_line' id='line_1_20' title="bbox 346 2615 1500 2702; baseline -0.003 -22"><span class='ocrx_word' id='word_1_124' title='bbox 346 2620 425 2682; x_wconf 87' lang='lat' dir='ltr'><strong>Item</strong></span> <span class='ocrx_word' id='word_1_125' title='bbox 449 2639 543 2680; x_wconf 87' lang='lat' dir='ltr'><strong>causa</strong></span> <span class='ocrx_word' id='word_1_126' title='bbox 568 2619 645 2680; x_wconf 88' lang='lat' dir='ltr'><strong>Kws</strong></span> <span class='ocrx_word' id='word_1_127' title='bbox 675 2633 707 2678; x_wconf 92' lang='lat' dir='ltr'><strong>et</strong></span> <span class='ocrx_word' id='word_1_128' title='bbox 738 2619 857 2701; x_wconf 89' lang='lat' dir='ltr'><strong>Filippi</strong></span> <span class='ocrx_word' id='word_1_129' title='bbox 881 2633 928 2680; x_wconf 89' lang='lat' dir='ltr'><strong>est</strong></span> <span class='ocrx_word' id='word_1_130' title='bbox 959 2638 1015 2702; x_wconf 90' lang='lat' dir='ltr'><strong>per</strong></span> <span class='ocrx_word' id='word_1_131' title='bbox 1040 2617 1243 2681; x_wconf 89' lang='lat' dir='ltr'><strong>Clementem</strong></span> <span class='ocrx_word' id='word_1_132' title='bbox 1267 2630 1299 2679; x_wconf 91' lang='lat' dir='ltr'><strong>et</strong></span> <span class='ocrx_word' id='word_1_133' title='bbox 1323 2615 1500 2697; x_wconf 84' lang='lat' dir='ltr'><strong>Georgium</strong></span> 
     </span>
     <span class='ocr_line' id='line_1_21' title="bbox 240 2724 832 2807; baseline 0 -19"><span class='ocrx_word' id='word_1_134' title='bbox 240 2726 279 2788; x_wconf 91' lang='lat' dir='ltr'><strong>ad</strong></span> <span class='ocrx_word' id='word_1_135' title='bbox 305 2739 378 2787; x_wconf 90' lang='lat' dir='ltr'><strong>octo</strong></span> <span class='ocrx_word' id='word_1_136' title='bbox 403 2725 471 2787; x_wconf 85' lang='lat' dir='ltr'><strong>dles</strong></span> <span class='ocrx_word' id='word_1_137' title='bbox 495 2738 621 2807; x_wconf 88' lang='lat' dir='ltr'><strong>recepta</strong></span> <span class='ocrx_word' id='word_1_138' title='bbox 645 2724 686 2786; x_wconf 93' lang='lat' dir='ltr'><strong>ad</strong></span> <span class='ocrx_word' id='word_1_139' title='bbox 709 2744 832 2807; x_wconf 87' lang='lat' dir='ltr'><strong>pacem.</strong></span> 
     </span>
    </p>

    <p class='ocr_par' dir='ltr' id='par_1_14' title="bbox 241 2829 1502 3019">
     <span class='ocr_line' id='line_1_22' title="bbox 346 2829 1502 2912; baseline -0.004 -19"><span class='ocrx_word' id='word_1_140' title='bbox 346 2831 425 2893; x_wconf 90' lang='lat' dir='ltr'><strong>Item</strong></span> <span class='ocrx_word' id='word_1_141' title='bbox 442 2832 592 2892; x_wconf 90' lang='lat' dir='ltr'><strong>Marenus</strong></span> <span class='ocrx_word' id='word_1_142' title='bbox 615 2843 725 2892; x_wconf 89' lang='lat' dir='ltr'><strong>contra</strong></span> <span class='ocrx_word' id='word_1_143' title='bbox 742 2831 943 2892; x_wconf 81' lang='lat' dir='ltr'><strong>AnthonIum</strong></span> <span class='ocrx_word' id='word_1_144' title='bbox 967 2849 1158 2892; x_wconf 89' lang='lat' dir='ltr'><strong>assessorem</strong></span> <span class='ocrx_word' id='word_1_145' title='bbox 1175 2830 1280 2912; x_wconf 91' lang='lat' dir='ltr'><strong>primo</strong></span> <span class='ocrx_word' id='word_1_146' title='bbox 1297 2829 1411 2890; x_wconf 88' lang='lat' dir='ltr'><strong>citatus</strong></span> <span class='ocrx_word' id='word_1_147' title='bbox 1435 2846 1502 2889; x_wconf 94' lang='lat' dir='ltr'><strong>non</strong></span> 
     </span>
     <span class='ocr_line' id='line_1_23' title="bbox 241 2937 430 3019; baseline 0.016 -20"><span class='ocrx_word' id='word_1_148' title='bbox 241 2937 430 3019; x_wconf 90' lang='lat' dir='ltr'><strong>comparuit.</strong></span> 
     </span>
    </p>

    <p class='ocr_par' dir='ltr' id='par_1_15' title="bbox 347 3039 1502 3124">
     <span class='ocr_line' id='line_1_24' title="bbox 347 3039 1502 3124; baseline -0.003 -21"><span class='ocrx_word' id='word_1_149' title='bbox 347 3042 425 3104; x_wconf 91' lang='lat' dir='ltr'><strong>Item</strong></span> <span class='ocrx_word' id='word_1_150' title='bbox 450 3041 612 3104; x_wconf 85' lang='lat' dir='ltr'><strong>Iohannes</strong></span> <span class='ocrx_word' id='word_1_151' title='bbox 636 3056 744 3104; x_wconf 85' lang='lat' dir='ltr'><strong>contra</strong></span> <span class='ocrx_word' id='word_1_152' title='bbox 769 3040 946 3123; x_wconf 84' lang='lat' dir='ltr'><strong>Georgium</strong></span> <span class='ocrx_word' id='word_1_153' title='bbox 971 3042 1076 3124; x_wconf 93' lang='lat' dir='ltr'><strong>primo</strong></span> <span class='ocrx_word' id='word_1_154' title='bbox 1093 3042 1206 3103; x_wconf 86' lang='lat' dir='ltr'><strong>citatus</strong></span> <span class='ocrx_word' id='word_1_155' title='bbox 1227 3061 1293 3103; x_wconf 93' lang='lat' dir='ltr'><strong>non</strong></span> <span class='ocrx_word' id='word_1_156' title='bbox 1310 3039 1502 3122; x_wconf 92' lang='lat' dir='ltr'><strong>comparuit.</strong></span> 
     </span>
    </p>

    <p class='ocr_par' dir='ltr' id='par_1_16' title="bbox 243 3146 1502 3336">
     <span class='ocr_line' id='line_1_25' title="bbox 349 3146 1502 3230; baseline -0.003 -21"><span class='ocrx_word' id='word_1_157' title='bbox 349 3148 427 3209; x_wconf 93' lang='lat' dir='ltr'><strong>Item</strong></span> <span class='ocrx_word' id='word_1_158' title='bbox 460 3149 571 3208; x_wconf 86' lang='lat' dir='ltr'><strong>Petrus</strong></span> <span class='ocrx_word' id='word_1_159' title='bbox 602 3161 711 3208; x_wconf 89' lang='lat' dir='ltr'><strong>contra</strong></span> <span class='ocrx_word' id='word_1_160' title='bbox 743 3148 933 3230; x_wconf 88' lang='lat' dir='ltr'><strong>Fabyanum</strong></span> <span class='ocrx_word' id='word_1_161' title='bbox 965 3148 1127 3209; x_wconf 88' lang='lat' dir='ltr'><strong>literatum</strong></span> <span class='ocrx_word' id='word_1_162' title='bbox 1154 3148 1260 3229; x_wconf 88' lang='lat' dir='ltr'><strong>primo</strong></span> <span class='ocrx_word' id='word_1_163' title='bbox 1291 3146 1406 3208; x_wconf 91' lang='lat' dir='ltr'><strong>citatus</strong></span> <span class='ocrx_word' id='word_1_164' title='bbox 1437 3164 1502 3206; x_wconf 96' lang='lat' dir='ltr'><strong>non</strong></span> 
     </span>
     <span class='ocr_line' id='line_1_26' title="bbox 243 3253 432 3336; baseline 0 -21"><span class='ocrx_word' id='word_1_165' title='bbox 243 3253 432 3336; x_wconf 88' lang='lat' dir='ltr'><strong>comparuit.</strong></span> 
     </span>
    </p>

    <p class='ocr_par' dir='ltr' id='par_1_17' title="bbox 350 3357 1425 3442">
     <span class='ocr_line' id='line_1_27' title="bbox 350 3357 1425 3442; baseline 0.001 -23"><span class='ocrx_word' id='word_1_166' title='bbox 350 3359 427 3420; x_wconf 91' lang='lat' dir='ltr'><strong>Item</strong></span> <span class='ocrx_word' id='word_1_167' title='bbox 453 3360 516 3419; x_wconf 86' lang='lat' dir='ltr'><strong>Res</strong></span> <span class='ocrx_word' id='word_1_168' title='bbox 540 3371 649 3419; x_wconf 87' lang='lat' dir='ltr'><strong>contra</strong></span> <span class='ocrx_word' id='word_1_169' title='bbox 673 3359 853 3420; x_wconf 88' lang='lat' dir='ltr'><strong>Iohannem</strong></span> <span class='ocrx_word' id='word_1_170' title='bbox 877 3361 982 3442; x_wconf 89' lang='lat' dir='ltr'><strong>primo</strong></span> <span class='ocrx_word' id='word_1_171' title='bbox 1006 3361 1119 3422; x_wconf 89' lang='lat' dir='ltr'><strong>citatus</strong></span> <span class='ocrx_word' id='word_1_172' title='bbox 1146 3379 1211 3421; x_wconf 94' lang='lat' dir='ltr'><strong>non</strong></span> <span class='ocrx_word' id='word_1_173' title='bbox 1235 3357 1425 3441; x_wconf 86' lang='lat' dir='ltr'><strong>comparuit.</strong></span> 
     </span>
    </p>

    <p class='ocr_par' dir='ltr' id='par_1_18' title="bbox 244 3462 1505 3866">
     <span class='ocr_line' id='line_1_28' title="bbox 350 3462 1504 3549; baseline -0.002 -24"><span class='ocrx_word' id='word_1_174' title='bbox 350 3465 427 3526; x_wconf 90' lang='lat' dir='ltr'><strong>Item</strong></span> <span class='ocrx_word' id='word_1_175' title='bbox 451 3465 596 3526; x_wconf 79' lang='lat' dir='ltr'><strong>IsIrIInus</strong></span> <span class='ocrx_word' id='word_1_176' title='bbox 620 3466 746 3546; x_wconf 90' lang='lat' dir='ltr'><strong>ensipar</strong></span> <span class='ocrx_word' id='word_1_177' title='bbox 764 3480 872 3527; x_wconf 88' lang='lat' dir='ltr'><strong>contra</strong></span> <span class='ocrx_word' id='word_1_178' title='bbox 898 3464 1050 3549; x_wconf 85' lang='lat' dir='ltr'><strong>Gyurgelr</strong></span> <span class='ocrx_word' id='word_1_179' title='bbox 1067 3466 1296 3548; x_wconf 88' lang='lat' dir='ltr'><strong>calcariparum</strong></span> <span class='ocrx_word' id='word_1_180' title='bbox 1321 3462 1400 3525; x_wconf 88' lang='lat' dir='ltr'><strong>feria</strong></span> <span class='ocrx_word' id='word_1_181' title='bbox 1417 3477 1504 3524; x_wconf 87' lang='lat' dir='ltr'><strong>sexta</strong></span> 
     </span>
     <span class='ocr_line' id='line_1_29' title="bbox 244 3569 1505 3653; baseline 0 -24"><span class='ocrx_word' id='word_1_182' title='bbox 244 3570 391 3630; x_wconf 89' lang='lat' dir='ltr'><strong>atestabit</strong></span> <span class='ocrx_word' id='word_1_183' title='bbox 414 3589 470 3650; x_wconf 92' lang='lat' dir='ltr'><strong>per</strong></span> <span class='ocrx_word' id='word_1_184' title='bbox 488 3569 656 3631; x_wconf 89' lang='lat' dir='ltr'><strong>Miclinum</strong></span> <span class='ocrx_word' id='word_1_185' title='bbox 680 3569 819 3650; x_wconf 89' lang='lat' dir='ltr'><strong>juratum</strong></span> <span class='ocrx_word' id='word_1_186' title='bbox 842 3585 873 3632; x_wconf 92' lang='lat' dir='ltr'><strong>et</strong></span> <span class='ocrx_word' id='word_1_187' title='bbox 900 3570 1080 3652; x_wconf 86' lang='lat' dir='ltr'><strong>Georgium</strong></span> <span class='ocrx_word' id='word_1_188' title='bbox 1103 3591 1198 3653; x_wconf 89' lang='lat' dir='ltr'><strong>super</strong></span> <span class='ocrx_word' id='word_1_189' title='bbox 1222 3590 1271 3649; x_wconf 90' lang='lat' dir='ltr'><strong>eo,</strong></span> <span class='ocrx_word' id='word_1_190' title='bbox 1297 3569 1386 3651; x_wconf 91' lang='lat' dir='ltr'><strong>quod</strong></span> <span class='ocrx_word' id='word_1_191' title='bbox 1409 3586 1505 3630; x_wconf 88' lang='lat' dir='ltr'><strong>suum</strong></span> 
     </span>
     <span class='ocr_line' id='line_1_30' title="bbox 244 3673 1504 3756; baseline 0 -21"><span class='ocrx_word' id='word_1_192' title='bbox 244 3694 364 3735; x_wconf 89' lang='lat' dir='ltr'><strong>annum</strong></span> <span class='ocrx_word' id='word_1_193' title='bbox 389 3673 499 3737; x_wconf 89' lang='lat' dir='ltr'><strong>luisset</strong></span> <span class='ocrx_word' id='word_1_194' title='bbox 522 3694 623 3756; x_wconf 91' lang='lat' dir='ltr'><strong>usque</strong></span> <span class='ocrx_word' id='word_1_195' title='bbox 641 3675 755 3738; x_wconf 81' lang='lat' dir='ltr'><strong>festum</strong></span> <span class='ocrx_word' id='word_1_196' title='bbox 774 3678 857 3738; x_wconf 90' lang='lat' dir='ltr'><strong>beati</strong></span> <span class='ocrx_word' id='word_1_197' title='bbox 882 3678 1012 3740; x_wconf 87' lang='lat' dir='ltr'><strong>Martini</strong></span> <span class='ocrx_word' id='word_1_198' title='bbox 1030 3675 1220 3739; x_wconf 87' lang='lat' dir='ltr'><strong>confessoris</strong></span> <span class='ocrx_word' id='word_1_199' title='bbox 1236 3676 1292 3737; x_wconf 88' lang='lat' dir='ltr'><strong>sed</strong></span> <span class='ocrx_word' id='word_1_200' title='bbox 1316 3695 1384 3737; x_wconf 93' lang='lat' dir='ltr'><strong>non</strong></span> <span class='ocrx_word' id='word_1_201' title='bbox 1403 3693 1504 3756; x_wconf 85' lang='lat' dir='ltr'><strong>usque</strong></span> 
     </span>
     <span class='ocr_line' id='line_1_31' title="bbox 244 3778 1404 3866; baseline 0.004 -26"><span class='ocrx_word' id='word_1_202' title='bbox 244 3778 359 3840; x_wconf 86' lang='lat' dir='ltr'><strong>festum</strong></span> <span class='ocrx_word' id='word_1_203' title='bbox 384 3781 467 3841; x_wconf 87' lang='lat' dir='ltr'><strong>beati</strong></span> <span class='ocrx_word' id='word_1_204' title='bbox 493 3780 668 3862; x_wconf 86' lang='lat' dir='ltr'><strong>Mycbaelis</strong></span> <span class='ocrx_word' id='word_1_205' title='bbox 693 3782 725 3842; x_wconf 94' lang='lat' dir='ltr'><strong>in</strong></span> <span class='ocrx_word' id='word_1_206' title='bbox 749 3782 847 3843; x_wconf 91' lang='lat' dir='ltr'><strong>domo</strong></span> <span class='ocrx_word' id='word_1_207' title='bbox 872 3783 970 3865; x_wconf 86' lang='lat' dir='ltr'><strong>ipsius</strong></span> <span class='ocrx_word' id='word_1_208' title='bbox 995 3783 1148 3866; x_wconf 87' lang='lat' dir='ltr'><strong>Gyurgek</strong></span> <span class='ocrx_word' id='word_1_209' title='bbox 1172 3782 1404 3845; x_wconf 90' lang='lat' dir='ltr'><strong>commorandi.</strong></span> 
     </span>
    </p>

    <p class='ocr_par' dir='ltr' id='par_1_19' title="bbox 245 3886 1506 4071">
     <span class='ocr_line' id='line_1_32' title="bbox 351 3886 1506 3970; baseline 0.002 -24"><span class='ocrx_word' id='word_1_210' title='bbox 351 3886 429 3947; x_wconf 90' lang='lat' dir='ltr'><strong>Item</strong></span> <span class='ocrx_word' id='word_1_211' title='bbox 454 3886 637 3948; x_wconf 86' lang='lat' dir='ltr'><strong>Anthonius</strong></span> <span class='ocrx_word' id='word_1_212' title='bbox 661 3888 804 3948; x_wconf 91' lang='lat' dir='ltr'><strong>Franche</strong></span> <span class='ocrx_word' id='word_1_213' title='bbox 838 3889 868 3949; x_wconf 87' lang='lat' dir='ltr'><strong>io</strong></span> <span class='ocrx_word' id='word_1_214' title='bbox 894 3889 1066 3970; x_wconf 90' lang='lat' dir='ltr'><strong>quindenis</strong></span> <span class='ocrx_word' id='word_1_215' title='bbox 1098 3889 1136 3950; x_wconf 96' lang='lat' dir='ltr'><strong>III</strong></span> <span class='ocrx_word' id='word_1_216' title='bbox 1161 3907 1283 3949; x_wconf 85' lang='lat' dir='ltr'><strong>marcas</strong></span> <span class='ocrx_word' id='word_1_217' title='bbox 1306 3886 1451 3948; x_wconf 84' lang='lat' dir='ltr'><strong>exsolvet</strong></span> <span class='ocrx_word' id='word_1_218' title='bbox 1475 3900 1506 3948; x_wconf 91' lang='lat' dir='ltr'><strong>et</strong></span> 
     </span>
     <span class='ocr_line' id='line_1_33' title="bbox 245 3989 637 4071; baseline 0.013 -21"><span class='ocrx_word' id='word_1_219' title='bbox 245 3989 342 4071; x_wconf 92' lang='lat' dir='ltr'><strong>judici</strong></span> <span class='ocrx_word' id='word_1_220' title='bbox 367 4011 463 4053; x_wconf 90' lang='lat' dir='ltr'><strong>unam</strong></span> <span class='ocrx_word' id='word_1_221' title='bbox 488 4013 637 4056; x_wconf 89' lang='lat' dir='ltr'><strong>marcam.</strong></span> 
     </span>
    </p>

    <p class='ocr_par' dir='ltr' id='par_1_20' title="bbox 247 4097 1506 4289">
     <span class='ocr_line' id='line_1_34' title="bbox 355 4097 1506 4181; baseline 0.002 -23"><span class='ocrx_word' id='word_1_222' title='bbox 355 4097 432 4158; x_wconf 90' lang='lat' dir='ltr'><strong>Item</strong></span> <span class='ocrx_word' id='word_1_223' title='bbox 458 4099 641 4160; x_wconf 87' lang='lat' dir='ltr'><strong>Anthonius</strong></span> <span class='ocrx_word' id='word_1_224' title='bbox 657 4113 745 4161; x_wconf 91' lang='lat' dir='ltr'><strong>sutor</strong></span> <span class='ocrx_word' id='word_1_225' title='bbox 769 4115 882 4162; x_wconf 89' lang='lat' dir='ltr'><strong>octavo</strong></span> <span class='ocrx_word' id='word_1_226' title='bbox 899 4101 951 4162; x_wconf 92' lang='lat' dir='ltr'><strong>die</strong></span> <span class='ocrx_word' id='word_1_227' title='bbox 968 4121 1001 4162; x_wconf 88' lang='lat' dir='ltr'><strong>se</strong></span> <span class='ocrx_word' id='word_1_228' title='bbox 1025 4101 1142 4163; x_wconf 91' lang='lat' dir='ltr'><strong>tercius</strong></span> <span class='ocrx_word' id='word_1_229' title='bbox 1158 4100 1274 4180; x_wconf 86' lang='lat' dir='ltr'><strong>jurabit</strong></span> <span class='ocrx_word' id='word_1_230' title='bbox 1291 4100 1324 4161; x_wconf 92' lang='lat' dir='ltr'><strong>in</strong></span> <span class='ocrx_word' id='word_1_231' title='bbox 1349 4119 1399 4179; x_wconf 91' lang='lat' dir='ltr'><strong>eo,</strong></span> <span class='ocrx_word' id='word_1_232' title='bbox 1417 4098 1506 4181; x_wconf 91' lang='lat' dir='ltr'><strong>quod</strong></span> 
     </span>
     <span class='ocr_line' id='line_1_35' title="bbox 247 4202 905 4289; baseline 0.008 -27"><span class='ocrx_word' id='word_1_233' title='bbox 247 4202 315 4283; x_wconf 87' lang='lat' dir='ltr'><strong>ipse</strong></span> <span class='ocrx_word' id='word_1_234' title='bbox 340 4202 554 4265; x_wconf 85' lang='lat' dir='ltr'><strong>Zelezkonem</strong></span> <span class='ocrx_word' id='word_1_235' title='bbox 580 4224 644 4266; x_wconf 94' lang='lat' dir='ltr'><strong>non</strong></span> <span class='ocrx_word' id='word_1_236' title='bbox 668 4206 905 4289; x_wconf 85' lang='lat' dir='ltr'><strong>vituperaverit.</strong></span> 
     </span>
    </p>

    <p class='ocr_par' dir='ltr' id='par_1_21' title="bbox 246 4308 1506 4498">
     <span class='ocr_line' id='line_1_36' title="bbox 354 4308 1506 4393; baseline 0.004 -24"><span class='ocrx_word' id='word_1_237' title='bbox 354 4308 432 4369; x_wconf 91' lang='lat' dir='ltr'><strong>Item</strong></span> <span class='ocrx_word' id='word_1_238' title='bbox 465 4310 628 4373; x_wconf 88' lang='lat' dir='ltr'><strong>Korosech</strong></span> <span class='ocrx_word' id='word_1_239' title='bbox 661 4325 774 4373; x_wconf 84' lang='lat' dir='ltr'><strong>octavo</strong></span> <span class='ocrx_word' id='word_1_240' title='bbox 806 4313 858 4373; x_wconf 94' lang='lat' dir='ltr'><strong>die</strong></span> <span class='ocrx_word' id='word_1_241' title='bbox 890 4332 922 4372; x_wconf 90' lang='lat' dir='ltr'><strong>se</strong></span> <span class='ocrx_word' id='word_1_242' title='bbox 954 4311 1114 4373; x_wconf 88' lang='lat' dir='ltr'><strong>secundus</strong></span> <span class='ocrx_word' id='word_1_243' title='bbox 1137 4311 1254 4393; x_wconf 85' lang='lat' dir='ltr'><strong>jurabit</strong></span> <span class='ocrx_word' id='word_1_244' title='bbox 1285 4312 1317 4373; x_wconf 94' lang='lat' dir='ltr'><strong>in</strong></span> <span class='ocrx_word' id='word_1_245' title='bbox 1342 4332 1392 4390; x_wconf 88' lang='lat' dir='ltr'><strong>eo,</strong></span> <span class='ocrx_word' id='word_1_246' title='bbox 1417 4312 1506 4393; x_wconf 92' lang='lat' dir='ltr'><strong>quod</strong></span> 
     </span>
     <span class='ocr_line' id='line_1_37' title="bbox 246 4411 1181 4498; baseline 0.009 -27"><span class='ocrx_word' id='word_1_247' title='bbox 246 4411 313 4492; x_wconf 90' lang='lat' dir='ltr'><strong>ipse</strong></span> <span class='ocrx_word' id='word_1_248' title='bbox 337 4433 431 4475; x_wconf 90' lang='lat' dir='ltr'><strong>suurn</strong></span> <span class='ocrx_word' id='word_1_249' title='bbox 455 4414 566 4477; x_wconf 90' lang='lat' dir='ltr'><strong>fimum</strong></span> <span class='ocrx_word' id='word_1_250' title='bbox 592 4415 751 4498; x_wconf 89' lang='lat' dir='ltr'><strong>Mychaeli</strong></span> <span class='ocrx_word' id='word_1_251' title='bbox 776 4418 916 4480; x_wconf 90' lang='lat' dir='ltr'><strong>dedisset</strong></span> <span class='ocrx_word' id='word_1_252' title='bbox 938 4437 1003 4479; x_wconf 95' lang='lat' dir='ltr'><strong>non</strong></span> <span class='ocrx_word' id='word_1_253' title='bbox 1027 4417 1181 4479; x_wconf 87' lang='lat' dir='ltr'><strong>alienum.</strong></span> 
     </span>
    </p>
   </div>
   <div class='ocr_carea' id='block_1_5' title="bbox 248 4537 1508 4830">
    <p class='ocr_par' dir='ltr' id='par_1_22' title="bbox 248 4537 1508 4830">
     <span class='ocr_line' id='line_1_38' title="bbox 352 4537 1508 4622; baseline 0.005 -25"><span class='ocrx_word' id='word_1_254' title='bbox 352 4537 429 4599; x_wconf 91' lang='lat' dir='ltr'><strong>Item</strong></span> <span class='ocrx_word' id='word_1_255' title='bbox 454 4539 708 4619; x_wconf 82' lang='lat' dir='ltr'><strong>adjudicavaus</strong></span> <span class='ocrx_word' id='word_1_256' title='bbox 732 4543 859 4603; x_wconf 89' lang='lat' dir='ltr'><strong>vineam</strong></span> <span class='ocrx_word' id='word_1_257' title='bbox 887 4542 1042 4604; x_wconf 86' lang='lat' dir='ltr'><strong>Anthonii</strong></span> <span class='ocrx_word' id='word_1_258' title='bbox 1075 4542 1115 4604; x_wconf 92' lang='lat' dir='ltr'><strong>de</strong></span> <span class='ocrx_word' id='word_1_259' title='bbox 1140 4540 1263 4603; x_wconf 91' lang='lat' dir='ltr'><strong>Dedich</strong></span> <span class='ocrx_word' id='word_1_260' title='bbox 1286 4553 1445 4622; x_wconf 90' lang='lat' dir='ltr'><strong>perpetuo</strong></span> <span class='ocrx_word' id='word_1_261' title='bbox 1469 4541 1508 4603; x_wconf 92' lang='lat' dir='ltr'><strong>Ii·</strong></span> 
     </span>
     <span class='ocr_line' id='line_1_39' title="bbox 248 4642 1506 4730; baseline 0.005 -28"><span class='ocrx_word' id='word_1_262' title='bbox 248 4642 356 4703; x_wconf 87' lang='lat' dir='ltr'><strong>beram</strong></span> <span class='ocrx_word' id='word_1_263' title='bbox 381 4663 398 4704; x_wconf 90' lang='lat' dir='ltr'><strong>a</strong></span> <span class='ocrx_word' id='word_1_264' title='bbox 415 4644 549 4706; x_wconf 89' lang='lat' dir='ltr'><strong>dacione</strong></span> <span class='ocrx_word' id='word_1_265' title='bbox 567 4647 662 4706; x_wconf 88' lang='lat' dir='ltr'><strong>unius</strong></span> <span class='ocrx_word' id='word_1_266' title='bbox 678 4647 786 4707; x_wconf 85' lang='lat' dir='ltr'><strong>eubuli</strong></span> <span class='ocrx_word' id='word_1_267' title='bbox 803 4647 880 4722; x_wconf 82' lang='lat' dir='ltr'><strong>vinI,</strong></span> <span class='ocrx_word' id='word_1_268' title='bbox 898 4649 1036 4730; x_wconf 85' lang='lat' dir='ltr'><strong>exceptis</strong></span> <span class='ocrx_word' id='word_1_269' title='bbox 1052 4648 1216 4709; x_wconf 85' lang='lat' dir='ltr'><strong>dumtaxat</strong></span> <span class='ocrx_word' id='word_1_270' title='bbox 1239 4646 1267 4706; x_wconf 89' lang='lat' dir='ltr'>X</span> <span class='ocrx_word' id='word_1_271' title='bbox 1285 4647 1410 4708; x_wconf 91' lang='lat' dir='ltr'><strong>cubulis</strong></span> <span class='ocrx_word' id='word_1_272' title='bbox 1427 4646 1506 4726; x_wconf 83' lang='lat' dir='ltr'><strong>vini,</strong></span> 
     </span>
     <span class='ocr_line' id='line_1_40' title="bbox 250 4750 840 4830; baseline 0.017 -23"><span class='ocrx_word' id='word_1_273' title='bbox 250 4766 331 4826; x_wconf 91' lang='lat' dir='ltr'><strong>quos</strong></span> <span class='ocrx_word' id='word_1_274' title='bbox 353 4768 412 4830; x_wconf 93' lang='lat' dir='ltr'><strong>pro</strong></span> <span class='ocrx_word' id='word_1_275' title='bbox 437 4750 609 4813; x_wconf 89' lang='lat' dir='ltr'><strong>colendino</strong></span> <span class='ocrx_word' id='word_1_276' title='bbox 635 4753 709 4814; x_wconf 91' lang='lat' dir='ltr'><strong>dare</strong></span> <span class='ocrx_word' id='word_1_277' title='bbox 734 4753 840 4817; x_wconf 89' lang='lat' dir='ltr'><strong>debet.</strong></span> 
     </span>
    </p>
   </div>
   <div class='ocr_carea' id='block_1_6' title="bbox 0 0 1758 5234">
    <p class='ocr_par' dir='ltr' id='par_1_23' title="bbox 0 0 1758 5234">
     <span class='ocr_line' id='line_1_41' title="bbox 0 0 1758 5234; baseline 0 0"><span class='ocrx_word' id='word_1_278' title='bbox 0 0 1758 5234; x_wconf 95' lang='lat' dir='ltr'><strong> </strong></span> 
     </span>
    </p>
   </div>
  </div>
 </body>
</html>
