3472 5234
260 309 322 369 226
622 305 824 385 Ann01384.
850 343 888 353 -
914 306 964 370 16.
989 307 1151 370 decembris.

366 522 444 584 Item
469 541 563 584 causa
580 520 756 604 Mychaelis
772 534 883 583 contra
901 519 1079 600 Georgium
1099 520 1338 582 stachunarium
1355 520 1395 581 ad
1412 540 1523 603 pacem

260 629 301 691 ad
326 641 474 690 octavum
500 627 584 688 diem
611 639 657 687 est
680 638 862 708 prorogata.

366 733 445 795 Item
470 733 653 794 AnthonIus
678 731 807 813 jobagio
831 746 939 793 noster
969 732 1009 793 de
1034 731 1214 816 Cralyeuch
1239 746 1349 795 contra
1374 733 1524 816 Mychae·

260 839 324 900 lem
349 839 389 900 de
413 838 567 900 Vrnouch
591 838 785 899 duodecImo
810 857 843 898 se
875 838 1062 900 hominibus
1085 839 1296 921 prescriptum
1322 859 1416 901 suum
1440 839 1524 921 jura-

259 960 404 1007 meutum
429 946 647 1027 deposuerunt
669 957 704 1005 ut
728 944 898 1021 debebant,
922 944 995 1005 ideo
1020 959 1094 1005 sunt
1118 944 1267 1026 expediti

367 1052 446 1113 Item
471 1050 633 1133 Hanykyn
658 1049 797 1130 lapicida
821 1062 935 1111 octavo
959 1049 1021 1113 die.

369 1157 447 1219 Item
474 1156 611 1217 Iacobus
642 1155 780 1238 lapicida
812 1168 926 1216 octavo
958 1155 1010 1216 die
1034 1175 1130 1238 super
1154 1175 1192 1217 eo
1224 1156 1341 1237 jurabit
1365 1176 1463 1239 penes
1486 1156 1523 1218 Ii·

259 1276 353 1342 teras,
378 1263 467 1345 quod
491 1263 557 1345 ipse
581 1282 599 1323 a
623 1261 714 1324 nullo
739 1262 852 1343 vigiuti
877 1275 1015 1342 quatuor
1039 1260 1107 1325 flor.
1132 1263 1199 1324 auri
1224 1262 1382 1325 habuerit.

367 1387 445 1449 Item
468 1386 650 1469 Stephanus
683 1387 747 1448 Res
778 1400 893 1448 octavo
924 1386 976 1446 die
1001 1385 1140 1469 (jurabit)
1174 1407 1269 1469 super
1293 1407 1343 1467 e0,
1367 1401 1524 1470 quantum

261 1493 436 1555 duodecim
468 1493 575 1554 eubuli
608 1492 674 1553 vini
707 1492 846 1570 valeant,
874 1505 905 1552 et
935 1492 975 1553 de
1000 1492 1121 1553 eisdem
1153 1493 1387 1576 quinquaginta
1418 1494 1525 1555 minus

262 1598 390 1661 duobus
414 1597 576 1680 (denariis)
601 1596 784 1660 delalcabit.
878 1667 881 1673 ¹

419 1832 515 1906 FerIa
545 1843 644 1906 sexta
671 1837 827 1924 proxima
855 1842 930 1923 post
954 1834 1077 1906 festum
1111 1847 1226 1907 sancte
1256 1837 1361 1909 lucie.

761 1999 828 2084 (16.
851 2004 1027 2086 decembris).

368 2164 446 2227 Item
472 2164 617 2246 Philipus
640 2163 824 2245 Iucifigulua
847 2179 957 2228 contra
975 2165 1145 2227 Nicolaum
1167 2166 1329 2227 literatum
1353 2166 1458 2248 prImo
1481 2167 1524 2228 ci-

262 2285 347 2334 tatus
370 2290 437 2333 non
461 2269 650 2352 comparuit,

370 2377 448 2438 Item
472 2377 610 2438 Jacobus
641 2373 773 2458 pellifex
807 2389 916 2437 contra
949 2389 1128 2438 consortem
1156 2376 1241 2458 Span
1275 2377 1380 2458 primo
1412 2376 1525 2438 citatus

262 2502 327 2544 non
352 2482 543 2565 comparuit.

370 2588 447 2650 Item
466 2586 602 2650 Cosmas
626 2585 785 2649 aurifaber
809 2600 839 2647 et
862 2605 971 2648 socrus
991 2608 1047 2649 sua
1071 2602 1179 2649 contra
1204 2589 1308 2649 Euam
1332 2585 1432 2650 filiam
1458 2590 1525 2651 Ma·

263 2695 332 2757 reni
357 2694 462 2776 primo
487 2694 573 2755 citati
597 2712 663 2755 non
687 2707 944 2775 comparuerunt.

371 2818 449 2879 Item
474 2817 555 2879 Vam
580 2818 740 2898 tegulator
764 2836 866 2899 usque
897 2817 1078 2899 quindenas
1101 2818 1210 2901 Hanyl
1243 2819 1364 2881 Jacobo
1389 2819 1525 2902 lapicide

262 2924 376 3006 ulginti
401 2937 539 3004 quatuor
564 2922 632 2986 flor.
657 2924 726 2984 auri
751 2924 873 2985 solvere
899 2923 1003 2986 debet.

373 3032 452 3093 Item
477 3031 639 3093 Iohannes
663 3030 792 3113 pellifex
824 3043 933 3093 contra
965 3032 1030 3113 Syb
1056 3032 1162 3093 Endre
1186 3033 1291 3115 prImo
1324 3034 1435 3095 citams
1460 3054 1525 3096 non

264 3137 453 3219 comparuit.

369 3243 446 3304 Item
471 3263 564 3304 causa
590 3242 739 3323 Gregorii
768 3240 919 3303 aurifabri
953 3256 1061 3304 contra
1087 3243 1269 3306 Iohannem
1295 3246 1461 3330 Praudych
1485 3248 1525 3310 ad

262 3362 412 3410 octavum
437 3348 521 3409 diem
547 3348 586 3409 ad
611 3368 723 3431 pacem
748 3363 794 3409 est
816 3361 955 3430 recepta.

369 3453 446 3514 Item
472 3453 634 3515 Iohannes
658 3473 759 3535 nepos
776 3452 928 3516 Custodia
952 3467 1061 3515 contra
1079 3455 1227 3538 Peterlyn
1253 3459 1395 3520 secundo
1413 3459 1526 3521 citatus

263 3578 330 3619 non
356 3559 544 3640 comparuit.

370 3665 446 3726 Item
479 3665 597 3725 Paulus
620 3677 708 3725 sutor
725 3678 838 3726 octavo
855 3664 907 3726 die
925 3684 980 3747 per
996 3666 1207 3728 Benedictum
1224 3681 1365 3730 sutorem
1391 3683 1421 3731 et
1437 3670 1522 3732 Iwan

263 3770 410 3832 similiter
430 3783 570 3831 sutorem
596 3770 656 3831 hoc
674 3770 830 3849 atestabit,
847 3771 935 3851 quod
952 3771 1057 3853 Ipsum
1075 3772 1236 3833 Johannes
1252 3788 1340 3835 sutor
1356 3776 1415 3836 sub
1440 3795 1523 3857 pena

265 3877 376 3938 decem
402 3896 580 3938 marcarum
601 3877 790 3959 percusserit
807 3890 837 3938 et
853 3877 1021 3959 capucium
1046 3897 1138 3939 suum
1158 3881 1334 3944 extraxerit.

371 4001 448 4061 Item
473 4020 565 4061 causa
591 4000 741 4082 PhilippI,
760 4001 850 4062 Pauli
875 4016 905 4063 et
922 4001 1076 4063 Iohannis
1099 4002 1285 4064 carnificum
1310 4004 1349 4065 ad
1374 4018 1523 4066 octavum

265 4104 351 4166 diem
376 4105 415 4165 ad
439 4124 549 4187 pacem
576 4118 622 4168 est
645 4120 781 4186 recepta.

370 4211 448 4272 Item
474 4211 608 4293 Mykech
645 4226 734 4274 sutor
767 4226 876 4274 contra
901 4211 1092 4274 Michaelem
1124 4212 1250 4275 fabrum
1283 4215 1387 4296 prImo
1412 4217 1526 4278 citatus

263 4335 328 4376 non
354 4318 543 4396 comparuit.

370 4420 448 4482 Item
472 4441 565 4482 causa
599 4423 725 4483 Lucasii
759 4423 874 4485 medici
907 4437 1016 4486 contra
1049 4424 1138 4485 Hans
1165 4425 1272 4506 Scoph
1305 4426 1344 4486 ad
1377 4440 1527 4489 octavum

265 4524 351 4586 diem
376 4526 416 4586 ad
440 4546 552 4608 pacem
577 4541 623 4589 est
651 4543 788 4610 recepta.

370 4631 448 4693 Item
483 4653 576 4694 causa
611 4633 712 4695 Vlcko
747 4648 857 4695 contra
893 4635 1076 4717 Scoryanch
1109 4636 1149 4697 ad
1186 4651 1334 4699 octavum
1368 4638 1455 4700 diem
1487 4638 1526 4700 ad

264 4755 375 4818 pacem
401 4753 447 4801 est
469 4755 606 4823 recepta.
