3474 5234
237 279 299 358 326
637 277 725 335 Anno
747 289 841 351 1390.
871 310 906 320 -
932 290 983 337 20.
1007 277 1088 338 maii.

340 489 416 550 Item
429 488 583 551 Nicolaus
595 500 706 548 contra
721 485 891 548 Chuethlro
905 485 1094 548 secundario
1110 487 1223 548 citatus
1235 507 1299 549 non
1311 487 1500 569 comparuit.

340 594 417 657 ltem
445 593 560 657 Gallus
577 606 608 655 et
624 593 736 655 Petrus
752 605 853 655 sartor
877 605 986 654 contra
1004 592 1203 674 Stephanum
1225 607 1379 654 sartorem
1396 593 1501 675 primo

237 702 322 764 citati
347 720 413 763 non
438 712 697 782 comparuerunt.

339 807 418 868 Item
444 807 582 868 Jacobus
607 805 733 867 institor
756 818 866 866 contra
883 802 1078 884 Gregorium
1095 803 1287 867 secundario
1305 804 1419 866 citatus
1435 823 1501 866 non

236 926 426 995 comparuit.

341 1019 420 1081 ltem
444 1018 592 1079 Vrbanus
615 1015 705 1078 laber
736 1030 845 1079 contra
877 1016 1046 1079 dominum
1080 1015 1298 1078 Colomanum
1326 1015 1431 1098 primo
1456 1015 1498 1077 ci·

234 1138 320 1188 tatus
344 1145 410 1187 non
435 1124 625 1206 comparuit.

340 1231 420 1293 Item
446 1229 576 1313 Mathey
601 1229 702 1292 decan
719 1243 828 1292 contra
852 1231 994 1292 Marcum
1013 1241 1128 1291 octavo
1151 1228 1203 1291 die
1226 1228 1361 1290 literalia
1385 1228 1500 1290 instru-

236 1350 343 1400 menta
369 1335 518 1399 exhibere
547 1336 650 1398 debet

340 1444 417 1505 Item
433 1443 587 1505 Nicolaus
611 1493 618 1506 .
644 1491 651 1505 .
677 1454 786 1503 contra
804 1442 959 1503 Jacobum
977 1442 1082 1524 primo
1095 1442 1209 1503 citatus
1225 1461 1290 1502 non
1304 1441 1493 1523 comparuit.

341 1549 418 1611 ltem
444 1549 556 1611 Petrus
580 1549 723 1610 literatus
747 1561 857 1609 contra
883 1548 1023 1609 Blasium
1048 1548 1153 1629 primo
1179 1548 1292 1609 citatus
1319 1567 1384 1609 non
1409 1567 1496 1609 com·

235 1656 350 1737 paruit.

340 1762 419 1823 ltem
443 1781 537 1823 causa
561 1759 711 1841 Gregorii
736 1773 845 1822 contra
871 1759 1029 1821 Briccium
1063 1779 1163 1840 usque
1189 1773 1262 1821 octo
1286 1758 1354 1820 dies
1378 1758 1417 1820 ad
1442 1779 1496 1842 pa-

235 1886 304 1928 cem
331 1880 377 1928 est
400 1880 537 1949 recepta.

340 1973 419 2035 ltem
530 1986 640 2035 contra
657 1973 859 2056 Mychaelem
880 1973 1069 2035 secundario
1099 1973 1191 2034 citata
1221 1992 1286 2034 non
1311 1973 1500 2054 comparuit.

341 2079 418 2140 ltem
445 2078 626 2161 Stephanus
650 2093 760 2141 contra
784 2080 943 2142 lacobum
967 2094 1081 2140 octavo
1106 2079 1159 2140 die
1183 2078 1401 2162 respondebit.

342 2184 420 2246 ltem
446 2185 591 2246 Thomas
606 2185 780 2266 Huugarus
796 2198 906 2248 contra
924 2184 1063 2246 eundem
1081 2186 1195 2247 eodem
1214 2185 1265 2247 die
1282 2185 1498 2266 respondebit.

342 2289 420 2351 ltem
446 2310 540 2352 causa
565 2290 682 2352 Bedice
704 2305 814 2353 contra
842 2290 1107 2352 Bartholomeum
1142 2311 1243 2372 usque
1268 2304 1341 2353 octo
1366 2290 1434 2352 dies
1458 2290 1498 2352 ad

235 2415 351 2478 pacem
378 2411 424 2457 est
447 2410 582 2478 recepta.

340 2502 418 2564 ltem
443 2523 538 2565 causa
646 2517 756 2566 contra
782 2501 980 2586 Stephanum
1005 2503 1044 2565 ad
1069 2522 1180 2586 pacem
1206 2516 1251 2565 est
1275 2515 1413 2585 recepta.

340 2609 418 2672 ltem
447 2630 540 2672 causa
565 2611 649 2673 Petri
676 2611 820 2692 Hungari
846 2624 955 2672 contra
982 2611 1110 2672 Petrum
1135 2610 1292 2671 decanum
1318 2609 1358 2670 ad
1383 2629 1495 2691 pacem

235 2729 281 2777 est
304 2731 442 2799 recepta.

341 2823 418 2884 ltem
443 2843 536 2886 causa
646 2837 755 2885 contra
781 2823 998 2905 Kopunouich
1022 2823 1063 2884 ad
1091 2841 1204 2904 pacem
1230 2834 1277 2883 est
1300 2834 1437 2903 recepta.

340 2929 418 2991 ltem
444 2979 503 2993 ...
527 2942 637 2991 contra
662 2928 808 3011 Mathyas
831 2929 1021 2990 secundario
1039 2930 1152 2990 citatus
1175 2947 1240 2988 non
1265 2926 1453 3008 comparuit.

339 3035 417 3097 ltem
442 3056 536 3098 eausa
655 3048 764 3096 contra
796 3034 961 3096 Bartolum
994 3054 1094 3115 usque
1119 3047 1193 3095 octo
1226 3032 1294 3095 dies
1318 3033 1358 3094 ad
1383 3051 1495 3114 pacem

234 3155 280 3203 est
305 3155 442 3224 recepta.

340 3250 416 3310 ltem
444 3295 503 3310 ...
530 3261 637 3310 contra
666 3247 805 3307 Borkam
829 3246 1019 3308 secundario
1036 3247 1150 3308 citatus
1174 3266 1238 3307 non
1263 3244 1452 3326 comparuit.

340 3356 418 3416 ltem
444 3355 555 3416 Petrus
580 3367 688 3415 contra
707 3352 866 3436 Magdych
884 3366 997 3414 octavo
1015 3353 1065 3413 die
1083 3366 1178 3413 testes
1194 3351 1373 3434 producere
1390 3351 1496 3414 debet.

341 3462 417 3521 ltem
531 3473 640 3522 contra
665 3459 767 3520 Malar
799 3472 913 3520 octavo
939 3458 990 3519 die
1015 3472 1110 3521 testes
1134 3457 1310 3540 producere
1335 3457 1439 3521 debet.

339 3567 418 3627 ltem
446 3613 505 3628 ...
530 3581 640 3627 contra
667 3566 796 3627 Batislro
820 3565 1009 3628 secundario
1035 3566 1148 3626 citatus
1172 3584 1237 3626 non
1262 3564 1452 3645 comparuit.

340 3673 417 3732 ltem
442 3672 528 3753 quod
554 3673 629 3753 quia
645 3672 800 3734 Nicolaus
817 3671 975 3753 Delasych
992 3691 1049 3752 per
1072 3685 1167 3732 testes
1191 3670 1336 3733 efficaces
1360 3669 1392 3731 id
1409 3689 1497 3731 com·

234 3779 391 3860 probavit,
408 3778 494 3859 quod
514 3777 630 3861 Mykch
656 3777 809 3860 Magdich
834 3777 894 3838 sibi
919 3777 959 3838 de
983 3778 1183 3859 septuaginta
1201 3778 1344 3859 quinque
1369 3775 1498 3838 florenis

233 3885 300 3945 auri
326 3905 391 3947 non
416 3886 447 3946 in
473 3885 739 3964 diminucionem,
763 3882 819 3944 sed
844 3883 956 3965 pocius
976 3884 1101 3945 lucrum
1126 3929 1133 3944 .
1154 3930 1186 3945 ..
1211 3882 1286 3944 ideo
1307 3902 1366 3964 pro
1382 3882 1496 3943 maiori

233 3990 357 4072 justicia
388 3991 491 4052 eidem
525 3991 661 4052 Nicolao
687 3989 829 4052 secundo
853 4009 887 4051 se
918 3988 1134 4071 juramentum
1158 3986 1440 4070 (adjudicavimus)
1457 4006 1496 4049 eo

234 4096 343 4174 modo,
374 4096 461 4177 quod
495 4097 561 4178 ipse
593 4097 697 4179 ipsum
731 4097 848 4179 Mykch
874 4095 1033 4178 Magdych
1059 4146 1065 4158 .
1091 4145 1097 4157 .
1125 4145 1130 4157 .
1158 4147 1163 4158 .
1197 4095 1266 4158 flor.
1292 4108 1496 4177 expectasset,

234 4202 294 4262 nisi
320 4216 449 4283 propter
480 4221 570 4263 suam
604 4203 822 4278 voluntatem;
856 4203 922 4284 ipse
955 4216 1061 4264 autem
1084 4201 1189 4262 Mikch
1220 4200 1369 4282 Magdich
1394 4201 1494 4283 ipsam

235 4327 363 4369 causam
389 4309 428 4369 ad
453 4309 603 4389 antiquos
628 4308 748 4389 judices
772 4308 954 4390 appellavit.

339 4414 416 4475 ltem
441 4414 516 4495 quia
540 4414 678 4495 quedam
695 4415 786 4475 litera
804 4413 952 4494 Gregorii
970 4413 1026 4475 filii
1044 4414 1160 4495 Angeli
1179 4413 1217 4474 de
1237 4459 1244 4475 .
1265 4463 1270 4476 .
1291 4462 1297 4474 .
1323 4413 1410 4494 quod
1428 4413 1495 4497 ipse

233 4534 361 4581 centum
388 4519 456 4584 flor.
475 4521 542 4581 auri
565 4520 723 4601 Gregorio
743 4520 898 4603 voyschar
923 4566 929 4580 .
956 4567 963 4581 .
990 4570 996 4584 .
1023 4521 1147 4582 lucrum
1165 4541 1229 4583 non
1248 4520 1397 4600 dedisset,
1422 4519 1494 4582 ideo

234 4626 338 4687 adhuc
362 4625 447 4706 juxta
472 4626 646 4708 predictam
681 4673 688 4688 .
716 4673 723 4688 .
750 4673 757 4688 .
794 4625 953 4704 Gregorio
986 4626 1051 4688 filio
1077 4627 1193 4708 Angeli
1219 4648 1257 4689 eo
1282 4627 1380 4688 modo
1411 4626 1494 4708 judi-

235 4732 376 4794 cavimus
400 4746 434 4796 ut
457 4734 523 4815 ipse
557 4747 670 4795 octavo
702 4733 755 4796 die
785 4733 885 4796 tercio
916 4754 948 4795 se
980 4747 1214 4796 sacramentum
1238 4747 1376 4817 prestare
1407 4746 1493 4794 tene·
