3474 5234
237 355 298 414 242
637 336 723 393 Anno
742 331 834 411 1385.
859 370 903 378 -
918 349 976 412 30.
992 336 1085 411 junii.

341 548 420 610 Item
448 548 564 608 mulier
592 546 737 609 Ceuetna
765 567 821 629 per
849 546 1062 609 Janchecham
1088 561 1118 608 et
1143 546 1321 609 Barucham
1338 546 1501 627 mulieres,

236 653 313 714 dum
340 654 406 735 ipse
430 653 582 714 mulieres
606 652 645 713 de
663 651 786 715 GaIIcia
811 652 945 714 domurn
962 653 1119 730 venerim,
1144 651 1205 714 hoc
1228 653 1386 730 etestabit,
1410 654 1499 736 quod

236 760 303 842 ipsa
327 759 485 840 quosdam
509 759 665 821 sotulares
688 778 755 820 non
778 759 992 821 subtraxisset.

341 866 419 926 Item
442 865 524 926 Kata
548 865 664 926 muIIer
687 884 818 927 consors
841 864 961 926 Vrbani
986 879 1100 926 octavo
1124 865 1177 926 die
1200 885 1296 947 super
1320 886 1359 928 eo
1384 867 1501 946 jurabit

242 985 397 1053 quantum
422 991 483 1032 una
509 990 632 1052 zapona
657 990 713 1032 sua
736 972 831 1032 valet.

343 1077 421 1139 Item
446 1076 592 1138 Thomas
615 1077 714 1138 tercio
738 1096 770 1137 se
790 1091 904 1138 octavo
928 1075 981 1137 die
997 1095 1091 1158 super
1118 1096 1157 1138 eo
1174 1076 1302 1157 jurabit,
1327 1077 1416 1158 quod
1433 1079 1501 1160 ipse

238 1204 256 1246 a
281 1184 412 1246 domina
438 1182 554 1244 Iwania
580 1203 616 1244 ac
639 1202 698 1243 suo
731 1182 862 1243 homine
887 1181 1027 1243 sedecim
1059 1202 1173 1263 pensas
1203 1183 1410 1245 denariorum
1434 1203 1499 1245 non

239 1291 419 1372 recepisset,
444 1308 549 1370 neque
574 1308 647 1350 cum
673 1289 792 1350 eisdem
818 1287 944 1349 debitor
971 1286 1076 1350 fuerit.

346 1413 423 1475 Item
449 1413 611 1474 Iohannes
634 1411 719 1475 filius
743 1411 861 1474 Donati
880 1425 989 1473 contra
1014 1411 1153 1491 judicem
1176 1413 1281 1494 primo
1306 1414 1419 1475 citatus
1435 1433 1500 1476 non

237 1520 427 1602 comparuit.

341 1627 420 1689 Item
453 1626 591 1688 Jacobus
625 1628 730 1687 taskar
765 1638 874 1687 contra
911 1624 1078 1685 Marenum
1115 1624 1257 1686 secundo
1289 1624 1403 1686 citatus
1434 1645 1500 1687 non

237 1733 425 1814 comperuit.

342 1838 420 1899 Item
444 1836 598 1899 Nicolaus
622 1836 838 1918 carpentarius
870 1849 979 1897 contra
1004 1835 1184 1897 Iohannem
1210 1836 1353 1899 secundo
1385 1838 1498 1900 citatus

239 1962 305 2005 non
329 1942 518 2025 comparuit.

343 2065 422 2126 Item
446 2064 631 2127 Anthonius
653 2063 774 2147 juratus
798 2077 912 2126 octavo
936 2065 989 2126 die
1013 2084 1069 2146 per
1093 2065 1274 2127 Iohannem
1298 2067 1405 2145 Liber,
1431 2066 1500 2129 Ste-

239 2169 383 2252 phanum
414 2170 551 2232 condam
583 2169 721 2249 juratum
747 2182 778 2230 et
809 2169 989 2230 Barnabam
1020 2170 1217 2232 sacerdotem
1250 2169 1311 2232 hoc
1343 2171 1500 2250 atestabit,

236 2275 323 2357 quod
348 2275 453 2357 ipsum
477 2274 611 2358 Jurglyn
635 2275 765 2357 piliator
788 2275 1007 2356 vituperasset.

266 2509 362 2584 Feria
390 2519 488 2583 sexta
517 2514 672 2602 proxima
700 2520 776 2601 post
808 2511 930 2583 festum
960 2512 1158 2584 Nativitatis
1187 2513 1276 2583 beati
1306 2512 1473 2602 johannis

781 2636 945 2725 Baptiste.

764 2807 829 2882 (30.
851 2807 958 2881 junii).

342 2960 420 3022 Item
444 2961 589 3023 Thomas
613 2961 750 3024 condam
779 2963 899 3043 juratus
923 2977 953 3024 et
976 2983 1032 3024 sua
1064 2962 1179 3024 ancilla
1204 2976 1315 3025 contra
1343 2962 1498 3024 Mathiam

235 3080 349 3127 octavo
374 3065 424 3126 die
448 3067 697 3148 respondebunt.

339 3170 416 3232 Item
448 3173 625 3252 AgustInus
667 3172 815 3234 sacerdos
857 3186 966 3233 contra
1003 3173 1166 3235 Thoma'm
1202 3187 1316 3236 octavo
1357 3172 1410 3234 die
1450 3191 1499 3233 re·

235 3275 416 3357 spondebit.

341 3380 417 3442 Item
433 3382 592 3444 Janchech
606 3382 766 3445 aurifaber
779 3402 835 3465 per
848 3382 1025 3463 Georgium
1043 3385 1282 3447 stachunarium
1297 3398 1329 3447 et
1345 3385 1499 3448 Cosmam

236 3484 431 3548 aurifabrum
446 3503 559 3550 octavo
574 3490 624 3550 die
636 3489 696 3551 hoc
711 3489 868 3567 atestabit,
882 3490 970 3571 quod
985 3491 1089 3571 Ipsum
1104 3491 1259 3553 Scitarich
1275 3492 1497 3574 vituperasset.

341 3611 418 3673 Item
444 3613 607 3675 Iohannes
637 3613 722 3675 filius
745 3613 864 3675 Donati
896 3629 1006 3676 contra
1036 3615 1178 3696 judicem
1210 3616 1352 3677 secundo
1385 3617 1499 3678 citatus

234 3736 298 3778 non
325 3720 513 3799 comparuit.
1207 3725 1212 3734 '

339 3823 416 3884 Item
443 3824 527 3886 idem
553 3824 714 3886 Iohannes
745 3840 855 3888 contra
880 3827 1052 3888 Nicolaum
1083 3827 1222 3907 juratum
1247 3829 1352 3909 prImo
1385 3829 1499 3891 citatus

235 3949 299 3990 non
326 3931 513 4010 comparuit.

341 4035 418 4096 Item
433 4036 536 4097 lucana
555 4037 673 4098 mulier
689 4050 798 4099 contra
812 4037 975 4100 Andream
993 4039 1096 4120 prImo
1115 4039 1208 4100 citata
1226 4059 1290 4100 non
1308 4039 1497 4122 comparuit.
1545 4065 1547 4067 ·

339 4139 417 4201 Item
450 4139 582 4224 Gyanus
614 4143 767 4225 Hudolep
799 4156 908 4205 contra
938 4144 1115 4225 Georgium
1148 4146 1252 4226 primo
1285 4146 1398 4207 citatus
1432 4163 1498 4206 non

235 4246 426 4326 comparuit.

338 4350 417 4411 Item
447 4351 568 4433 Symon
601 4352 685 4415 filius
717 4353 908 4438 Chepernya
933 4370 1042 4416 contra
1075 4357 1180 4437 Kemp
1212 4358 1354 4419 secundo
1383 4358 1497 4419 citatus

234 4475 299 4517 non
325 4459 514 4538 comparuit.

338 4561 416 4622 Item
434 4581 526 4623 causa
553 4564 634 4624 Rees
651 4579 760 4626 contra
783 4566 899 4627 Worih
924 4580 955 4628 et
972 4567 1154 4649 Myldinum
1179 4568 1218 4629 ad
1243 4583 1392 4633 octavum
1409 4569 1496 4631 diem

234 4666 274 4726 ad
300 4687 411 4748 pacem
436 4682 482 4728 est
506 4683 642 4748 recepta.

340 4773 417 4835 Item
437 4775 587 4836 Marenus
603 4773 723 4852 juratus
740 4791 849 4838 contra
867 4777 1060 4859 Gregorium
1079 4794 1193 4842 octavo
1207 4780 1259 4841 die
1277 4780 1495 4862 respondebit.
