3472 5234
649 319 736 375 Anno
759 314 850 393 1378.
876 350 916 360 -
941 331 969 377 1.
986 318 1079 392 junii.
1442 334 1498 395 133

341 530 418 591 Item
444 530 506 590 Res
531 527 607 589 feria
632 528 773 590 secunda
790 528 962 609 plusquam
978 541 1111 588 ventura
1130 525 1237 588 Mathe
1255 525 1394 607 ensipari
1419 526 1503 586 duos

191 669 194 677 ·
236 656 348 699 currus
372 636 412 697 de
436 635 595 696 asseribus
619 634 694 695 dare
719 633 831 709 debet;
856 647 886 694 et
911 633 997 694 idem
1021 633 1085 693 Res
1109 645 1222 694 octavo
1248 632 1299 692 die
1325 631 1443 712 jurabit
1467 631 1500 691 in

236 761 287 820 eo,
312 740 400 822 quod
425 741 493 821 ipse
517 739 697 821 predictum
721 737 829 799 Mathe
853 738 959 798 verbis
986 737 1133 820 turpibus
1157 757 1223 798 non
1248 735 1412 798 affecisset.

344 864 422 924 Item
441 862 589 945 Mychael
614 861 752 943 Ortophi
770 875 884 923 octavo
901 861 953 922 die
977 861 1095 941 jurabit
1120 862 1151 921 in
1169 880 1219 939 eo,
1244 861 1332 942 quod
1357 861 1424 943 ipse
1442 879 1500 922 nec

237 990 293 1031 sua
318 990 397 1032 uxor
422 969 585 1031 Bernardo
603 989 661 1030 nec
678 988 733 1030 sue
760 968 849 1029 uxori
867 967 1035 1028 licenciam
1053 967 1092 1028 de
1121 967 1220 1028 domo
1244 986 1309 1028 non
1327 965 1501 1028 dedissent.

343 1076 421 1137 Item
447 1073 613 1136 Elizabetb
639 1073 755 1135 mulier
786 1086 896 1134 contra
926 1093 975 1134 ser
1000 1073 1210 1133 Benedictum
1235 1086 1350 1134 octavo
1375 1072 1427 1133 die
1452 1091 1499 1132 re·

236 1181 418 1264 spondebit.

343 1287 421 1348 Item
447 1300 562 1348 octavo
595 1286 647 1346 die
680 1284 876 1346 Laurencius
909 1282 1053 1346 Gallicus
1084 1296 1194 1345 contra
1219 1283 1384 1344 Andream
1408 1283 1501 1344 Hun-

233 1411 347 1473 garum
379 1392 495 1472 jurabit
526 1392 615 1472 quod
648 1391 713 1473 ipse
751 1390 790 1450 ad
823 1389 1056 1470 quinquaginta
1088 1402 1120 1451 et
1152 1402 1290 1469 quatuor
1321 1387 1391 1450 flor.
1431 1388 1500 1449 auri

235 1498 361 1559 nulfum
385 1498 512 1559 lucrum
544 1496 724 1573 babuisset;
756 1510 787 1557 et
816 1495 902 1556 idem
936 1494 1133 1556 Laurencius
1163 1494 1269 1556 eidem
1301 1493 1432 1555 Andree
1456 1493 1500 1554 IX

235 1604 305 1666 flor.
331 1619 361 1666 et
386 1603 410 1663 II
434 1624 548 1685 pensas
572 1603 777 1664 denariorum
802 1602 971 1683 persolvet.

340 1710 419 1773 Item
453 1709 633 1792 Stephanus
667 1706 761 1769 frater
794 1707 909 1788 judicis
940 1721 1049 1769 contra
1086 1707 1278 1768 Mauricium
1311 1719 1425 1769 octavo
1449 1705 1501 1767 die

236 1836 292 1899 per
325 1817 499 1878 Martinum
525 1829 556 1877 et
586 1814 749 1875 Andream
781 1814 929 1875 atestabit
960 1833 1056 1894 super
1087 1832 1137 1891 eo,
1162 1811 1250 1893 quod
1282 1813 1388 1894 ipsum
1413 1811 1499 1873 idem

234 1922 410 1984 Mauricius
434 1922 539 2003 ipsum
563 1939 690 1981 servum
715 1919 845 1980 dixisset
868 1934 899 1980 et
922 1902 1198 2001 turpibus'verbis
1221 1918 1386 1980 affecisset.

341 2044 420 2106 Item
446 2043 603 2105 Martinus
626 2057 714 2104 sutor
738 2043 1074 2104 contraBenedictum
1091 2056 1232 2104 sutorem
1258 2042 1363 2124 prImo
1388 2041 1502 2102 citatus

234 2170 300 2212 non
325 2151 514 2231 comparuit.

341 2255 418 2317 Item
448 2256 572 2316 Mareas
596 2269 705 2316 contra
730 2255 871 2316 Iwanum
904 2254 1046 2316 secundo
1079 2255 1193 2316 citatus
1218 2273 1283 2314 non
1309 2252 1501 2335 comparuit.

339 2360 419 2421 Item
444 2361 579 2442 Egidius
602 2375 712 2422 contra
736 2361 899 2422 Andream
924 2360 1066 2422 secundo
1088 2361 1201 2422 citatus
1217 2379 1281 2421 non
1308 2358 1500 2440 comparuit.

338 2465 416 2527 Item
450 2467 556 2529 Mathe
597 2480 708 2529 contra
748 2468 949 2529 Anthonium
983 2467 1106 2529 Jursich
1143 2466 1248 2548 primo
1285 2467 1398 2527 citatus
1434 2484 1501 2527 non

234 2572 425 2654 comparuit.

338 2679 416 2739 Item
448 2678 621 2760 Matheyko
653 2678 792 2740 carnifex
824 2692 932 2740 contra
974 2676 1109 2740 Iuchech
1148 2679 1254 2760 primo
1290 2678 1404 2738 citatus
1435 2696 1501 2738 non

233 2783 424 2866 comparuit.

336 2889 441 2950 Posita
466 2903 512 2950 est
536 2909 618 2970 pena
635 2890 664 2950 Χ
688 2909 793 2951 marce
815 2890 897 2951 inter
914 2889 1078 2951 Jaklinum
1102 2904 1134 2951 et
1151 2888 1329 2971 Georgium
1354 2889 1497 2966 fabrum;

234 3008 266 3056 et
290 3015 458 3076 nunquam
482 3015 600 3075 aquam
625 2996 665 3056 ad
690 2997 794 3077 ipsum
820 2994 999 3077 Georgium
1023 2997 1148 3058 mittere
1173 2996 1314 3060 debebit.

337 3119 417 3181 Item
442 3118 589 3180 Matheus
606 3133 719 3180 octavo
744 3119 795 3180 die
812 3140 869 3201 per
886 3121 982 3181 Jakus
1007 3134 1037 3180 et
1055 3120 1229 3181 Martinum
1247 3120 1395 3182 atestavit
1412 3119 1500 3201 quod

232 3224 355 3285 Petheu
379 3225 439 3285 sibi
464 3225 565 3285 tribus
589 3225 715 3285 cubulis
739 3226 805 3286 vini
830 3239 1001 3288 teneretur.

344 3347 421 3409 Item
447 3349 644 3409 LaurencIus
668 3362 778 3410 contra
810 3349 1009 3431 Stephanum
1041 3348 1181 3430 juratum
1213 3349 1355 3412 secundo
1388 3349 1501 3412 citatus

234 3472 299 3514 non
325 3454 514 3534 comparuit.

233 3688 330 3762 Feria
358 3693 466 3761 tercia
493 3693 648 3778 proxima
668 3700 746 3778 post
764 3691 887 3763 festum
911 3691 1127 3764 Ascensionis
1157 3694 1281 3764 domini
1302 3695 1499 3782 predictum.

785 3865 828 3935 (Ι.
843 3859 953 3940 simii).

339 4018 447 4079 Primo
472 4016 634 4077 Iohannes
655 4015 798 4097 Georgio
815 4018 847 4077 In
872 4018 1045 4098 quindenis
1063 4019 1150 4080 LXX
1175 4019 1325 4080 denarios
1342 4021 1496 4081 exsolvet.

339 4125 416 4186 Item
442 4124 615 4204 Matheyko
640 4120 779 4183 carnifex
805 4139 914 4184 contra
936 4124 1070 4185 Iuchech
1095 4125 1331 4205 carpentarium
1356 4126 1500 4186 secundo

233 4232 348 4291 citatus
373 4249 437 4291 non
463 4228 652 4311 comparuit.

338 4337 415 4398 Item
448 4336 640 4397 Benedictus
672 4332 812 4394 carnifex
844 4349 954 4396 contra
988 4335 1187 4417 Stephanum
1211 4335 1354 4395 secundo
1387 4335 1501 4396 citatus

233 4462 298 4504 non
324 4443 514 4524 comparuit.

340 4550 417 4611 Item
444 4549 514 4610 Elia
539 4547 699 4610 aurifaber
724 4560 833 4608 contra
859 4547 1002 4609 relictam
1028 4546 1153 4628 Sugech
1172 4547 1277 4630 prImo
1302 4546 1416 4608 citatus
1433 4566 1498 4608 non

232 4657 422 4737 comparuit.

340 4762 417 4823 Item
443 4759 519 4821 luan
545 4774 576 4821 et
599 4757 802 4840 Scuryanecb
822 4759 927 4841 primo
953 4759 1072 4831 iudicio
1089 4761 1271 4821 atestabunt
1295 4777 1390 4839 super
1413 4759 1500 4820 solu·
