3472 5234
654 305 740 361 Anno
762 299 854 379 1378.
878 335 921 344 -
943 315 974 379 4.
996 301 1089 377 junii.

392 557 489 630 Ieria
518 568 616 631 sexta
644 561 798 648 proxima
828 565 905 626 ante
932 556 1056 627 festum
1084 555 1332 626 Penthecostes.

780 725 826 806 (4.
842 725 953 808 jurari).

342 884 450 948 Primo
468 886 636 968 Philippus
652 899 762 947 contra
781 884 958 967 Georgium
977 887 1081 969 prImo
1098 887 1211 948 citatus
1225 906 1290 948 non
1309 887 1503 969 comparuit.

342 990 420 1052 Item
445 1011 539 1053 causa
564 992 713 1053 Matheus
737 1005 768 1053 et
796 992 917 1053 Petheu
942 1007 989 1053 est
1012 1012 1069 1075 per
1092 995 1181 1054 Akus
1205 1005 1236 1056 et
1259 993 1436 1055 Martinech
1462 993 1504 1055 ad

237 1110 311 1157 octo
336 1095 403 1157 dies
428 1111 553 1179 recepta
578 1097 617 1158 ad
643 1117 765 1179 pacem.

344 1202 423 1264 Item
455 1203 660 1285 Wlkouycha
686 1216 796 1265 contra
822 1202 957 1264 luanum
981 1203 1086 1286 primo
1104 1204 1197 1265 citata
1222 1223 1287 1265 non
1312 1204 1503 1287 comparuit.

343 1307 421 1369 Item
446 1328 539 1369 causa
565 1308 656 1370 Pauli
690 1309 839 1370 lokothar
870 1322 901 1370 et
924 1308 1032 1370 Marci
1055 1309 1161 1370 clerici
1194 1323 1241 1370 est
1263 1329 1320 1391 per
1342 1322 1437 1371 testes
1462 1309 1503 1371 ad

239 1427 311 1475 octo
337 1413 405 1474 dies
428 1429 553 1496 recepta
578 1415 618 1475 ad
647 1434 771 1496 pacem.

344 1518 420 1581 Item
440 1539 532 1580 causa
550 1519 704 1603 Stephani
722 1532 753 1581 et
776 1520 942 1582 Benedicti
960 1518 1116 1582 carnificis
1139 1535 1186 1582 est
1201 1540 1258 1602 per
1283 1520 1500 1601 Dragozlaum

236 1625 276 1685 ad
301 1640 374 1686 octo
399 1625 467 1686 dies
490 1640 616 1708 recepta
641 1627 681 1687 ad
706 1645 828 1707 pacem.

342 1749 444 1812 Nota!
469 1750 558 1830 quod
583 1750 745 1811 Barnabas
769 1751 917 1812 sacerdos
941 1749 1103 1812 confessor
1128 1752 1227 1812 Marci
1253 1752 1329 1812 dicti
1354 1750 1503 1831 Pechich,

238 1852 386 1916 Chernka
412 1875 492 1916 uxor
516 1856 673 1937 Milogled
699 1871 730 1917 et
755 1856 830 1917 Iuan
864 1857 1036 1937 Hlebopek
1068 1871 1253 1934 atestarunt,
1278 1858 1365 1939 prius
1388 1876 1503 1940 corpo·

238 1960 295 2021 rali
320 1961 468 2040 deposito
493 1961 684 2043 juramento,
709 1963 796 2043 quod
823 1963 908 2023 idem
933 1965 1023 2024 Mark
1040 1962 1177 2025 Pechich
1203 1964 1235 2024 in
1259 1963 1325 2024 suis
1353 1963 1504 2024 extremis

236 2085 311 2126 sana
336 2080 442 2127 mente
467 2068 511 2128 sic
536 2067 754 2148 disposuisset,
779 2069 866 2149 quod
884 2069 1017 2130 totalem
1043 2070 1248 2131 medietatem
1266 2070 1393 2148 domus,
1410 2083 1502 2130 uten-

235 2171 342 2232 silium
369 2172 552 2251 domorum,
578 2172 668 2234 fundi
694 2188 724 2234 et
740 2174 908 2235 vinearum
932 2175 1033 2236 Elene
1052 2176 1142 2236 uxori
1167 2195 1223 2236 sue
1248 2190 1279 2236 et
1303 2176 1368 2235 suis
1385 2175 1504 2257 pueris,

238 2279 334 2340 aliam
360 2293 468 2340 autem
492 2280 698 2341 medietatem
716 2281 816 2362 ipsius
839 2281 956 2341 domus
980 2296 1010 2342 et
1027 2282 1194 2343 vinearum
1217 2281 1423 2343 Chuethkoni
1443 2300 1503 2343 suo

236 2383 303 2446 filio
329 2404 366 2446 ex
391 2386 492 2467 prima
511 2405 609 2447 uxore
633 2400 801 2466 procreato
818 2387 990 2448 dimisisset
1007 2401 1037 2448 et
1062 2388 1196 2467 legasset
1213 2387 1268 2449 tali
1286 2388 1396 2465 modo,
1414 2388 1503 2468 quod

236 2491 262 2550 si
287 2491 429 2572 predicta
464 2492 564 2553 Elena
591 2511 670 2552 uxor
703 2512 759 2553 sua
780 2487 932 2554 ¹maritari
964 2494 1112 2571 voluerit,
1144 2510 1258 2555 extunc
1290 2494 1329 2554 de
1354 2494 1504 2576 predictis

235 2596 330 2656 bonis
354 2597 498 2677 quinque
517 2616 639 2658 marcas
655 2597 861 2658 denariorum
875 2618 933 2678 pro
950 2612 1095 2681 tempore
1113 2599 1315 2660 currencium
1340 2597 1502 2659 extrahere

235 2701 366 2764 debebit
390 2703 458 2764 sine
483 2717 567 2764 sorte
592 2715 623 2764 et
653 2704 911 2765 contradictione
943 2704 1096 2785 aIIquali;
1129 2724 1228 2785 quam
1259 2704 1503 2766 attestacionem

233 2808 376 2890 predicte
402 2823 506 2891 partes
531 2823 632 2869 ratam
656 2829 692 2870 ac
716 2808 841 2870 firmam
863 2809 1044 2872 habuerunt
1068 2830 1176 2871 coram
1202 2811 1304 2874 nobis.

341 2932 420 2993 Item
455 2953 548 2994 causa
585 2933 711 2994 Nicolai
747 2932 840 3013 jurati
877 2948 907 2995 et
948 2915 1103 3015 Orgouan
1140 2947 1186 2994 est
1221 2953 1278 3015 per
1313 2933 1502 3014 magistrum

240 3038 384 3100 Francha
398 3038 535 3099 condam
549 3038 689 3118 judicem
704 3053 734 3100 et
747 3039 938 3101 Mauricium
953 3041 992 3101 ad
1010 3053 1083 3101 octo
1101 3040 1169 3100 dies
1183 3052 1309 3121 recepta
1322 3040 1362 3100 ad
1379 3028 1502 3121 pacem.

344 3145 421 3206 Item
440 3146 615 3207 Mauricius
639 3161 670 3207 et
702 3146 812 3207 Petrus
844 3160 953 3207 contra
979 3145 1159 3207 Iohannem
1190 3146 1305 3206 Lieber
1330 3145 1435 3228 primo
1459 3145 1503 3205 ci·

234 3250 291 3311 tati
318 3269 383 3311 non
408 3265 667 3332 comparuerunt.

341 3356 420 3416 Item
453 3355 614 3437 Georgius
646 3371 748 3418 sartor
781 3358 933 3438 magistro
969 3357 1112 3419 Franche
1137 3357 1222 3418 XVII
1257 3356 1326 3419 flor.
1352 3357 1384 3417 in
1409 3355 1503 3436 quin-

235 3461 328 3523 denis
351 3462 521 3544 persolvet.

341 3570 417 3629 Item
443 3569 626 3629 Alexander
651 3585 680 3629 et
705 3568 868 3630 Iohannes
897 3568 1060 3631 Chemerii
1087 3584 1196 3630 contra
1222 3566 1397 3650 Gyuanum
1422 3565 1499 3629 Gal·

233 3674 331 3735 licum
357 3675 461 3756 primo
487 3674 571 3735 citati
598 3694 664 3736 non
688 3690 948 3756 comparuerunt.

342 3780 420 3841 Item
439 3780 560 3861 Symon
588 3794 688 3841 sartor
713 3797 826 3842 octavo
852 3781 904 3842 die
922 3801 978 3863 per
1001 3781 1182 3842 Iohannem
1208 3779 1353 3861 Zagorch
1376 3792 1407 3841 et
1431 3780 1502 3860 My·

234 3884 379 3947 chaelem
404 3887 551 3946 atestabit
565 3899 674 3947 contra
699 3905 832 3947 uxorem
850 3887 996 3964 Vidonis,
1021 3887 1109 3968 quod
1130 3888 1197 3967 ipsa
1222 3886 1356 3947 asseruit
1372 3885 1502 3967 propria

234 4011 325 4069 voce,
350 3991 437 4072 quod
464 4010 544 4051 uxor
575 3992 700 4053 Nicolai
733 3993 945 4054 Zreberniche
977 3994 1036 4052 sibi
1062 4012 1160 4054 unam
1192 3991 1358 4052 camisiam
1381 3990 1501 4073 promi·

234 4097 326 4158 sisset
350 4112 384 4158 ut
408 4117 472 4157 non
497 4096 679 4159 testificaret
702 4099 784 4158 circa
810 4099 986 4180 Symonem
1012 4100 1201 4181 predictum.

342 4203 418 4263 Item
446 4202 627 4283 Stephanus
652 4205 868 4264 mercenarius
892 4205 1037 4267 Mauricii
1067 4205 1250 4266 Alexandro
1275 4205 1306 4265 in
1330 4202 1503 4283 quindenis

235 4308 408 4370 duodecim
433 4330 547 4389 pensas
571 4309 777 4370 denariorum
802 4312 965 4371 exsolvere
991 4312 1095 4373 debet.

342 4416 419 4476 Item
453 4417 530 4475 Kws
564 4417 603 4476 de
640 4417 791 4476 Pobresia
828 4430 937 4477 contra
974 4417 1112 4496 judicem
1149 4417 1253 4498 primo
1290 4416 1403 4477 citatus
1436 4434 1502 4476 non

237 4523 425 4602 comparuit.

343 4627 420 4686 Item
445 4627 554 4687 Marke
579 4628 705 4688 mulieri
730 4627 796 4689 filie
821 4629 959 4690 condam
977 4628 1074 4689 Marci
1101 4627 1238 4688 Pechicb
1264 4647 1360 4688 unam
1379 4641 1502 4710 partem

235 4732 395 4792 bonorum
421 4733 517 4814 patris
541 4734 589 4792 sui
615 4733 836 4809 adjudicamus
860 4749 1016 4816 perpetuo
1042 4734 1281 4815 possidendam.
