3472 5234
578 314 664 370 Anno
686 307 779 388 1384,
805 343 846 354 -
871 325 918 370 12.
934 309 1088 389 januarii.
1400 327 1461 387 215

308 522 385 583 Item
410 524 503 581 Anna
536 519 652 581 mulier
683 533 797 582 octavo
829 518 881 579 die
913 519 1055 580 secundo
1086 538 1120 580 se
1151 537 1246 600 super
1270 537 1309 579 eo
1333 517 1460 598 jurabit,

201 628 289 710 quod
314 629 381 710 ipsa
405 627 529 709 palium
553 627 663 688 Kusko
688 645 753 688 non
778 625 978 687 subtraxerit.

307 734 385 796 Item
402 733 568 796 Emericus
581 743 691 795 contra
704 731 812 794 Endre
824 731 890 814 Syb
904 730 1046 793 secundo
1063 731 1176 793 citatus
1189 750 1254 792 non
1272 731 1462 812 comparuit.

307 839 383 902 Item
418 837 593 920 Gregorius
626 836 867 920 Chudauchych
899 851 1008 899 contra
1041 836 1240 918 Stephanum
1272 849 1386 898 octavo
1411 836 1462 897 die

201 946 417 1030 respondebit.

306 1053 384 1114 Item
420 1052 510 1113 Hans
546 1049 624 1114 Scof
653 1049 766 1113 Raden
805 1069 864 1133 pro
897 1049 1029 1110 vulnere
1069 1068 1128 1110 suo
1163 1048 1464 1111 terciamdimidiam

200 1178 321 1220 marcas
346 1177 447 1239 usque
471 1156 651 1239 quindenas
674 1157 798 1218 solvere
823 1155 928 1218 debet.

305 1264 383 1327 Item
416 1263 501 1325 Iwan
527 1263 677 1346 Loytrich
702 1262 844 1326 secundo
868 1281 900 1323 se
932 1275 1046 1323 octavo
1070 1261 1121 1322 die
1153 1281 1248 1344 super
1272 1280 1310 1322 eo
1333 1260 1460 1341 jurabit,

200 1370 289 1450 quod
314 1370 381 1452 ipse
406 1383 588 1431 consortem
612 1367 696 1430 Iwan
721 1388 786 1430 non
814 1370 1009 1429 verberasset
1033 1386 1139 1448 neque
1164 1367 1380 1448 vituperasset.

305 1475 384 1537 Item
409 1495 539 1537 consors
564 1475 655 1536 Radk
679 1473 821 1536 secundo
846 1493 879 1535 se
906 1493 1000 1555 super
1024 1492 1063 1535 eo
1092 1472 1219 1554 jurabit,
1244 1471 1332 1553 quod
1357 1472 1457 1554 ipsam

201 1600 302 1663 usque
328 1581 517 1644 effusionem
541 1581 706 1662 sanguinis
730 1581 924 1643 verberasset
948 1600 1079 1641 consors
1103 1579 1232 1641 Andree
1255 1579 1407 1643 salivene.

306 1689 384 1751 Item
408 1708 501 1750 causa
527 1688 682 1750 Anthonii
715 1688 813 1749 Renis
844 1701 953 1748 contra
979 1686 1095 1769 Gyuan
1126 1686 1166 1748 ad
1191 1699 1340 1748 octavum
1372 1685 1458 1747 diem

199 1793 240 1856 ad
265 1814 376 1877 pacem
402 1808 448 1856 est
472 1809 608 1876 recepta.

306 1901 382 1963 Item
415 1901 578 1963 Johannes
602 1913 690 1963 sutor
714 1913 828 1963 octavo
853 1900 905 1963 die
936 1919 1031 1982 super
1063 1918 1101 1960 eo
1125 1897 1253 1980 jurabit,
1285 1897 1373 1979 quod
1398 1898 1464 1979 ipse

199 2007 346 2069 nescierit
370 2007 533 2088 quandam
558 2009 678 2086 kutem,
704 2006 791 2087 quod
817 2005 912 2069 fuerit
935 2007 1104 2068 subtracta.

305 2113 381 2175 Item
408 2113 496 2196 quod
520 2114 595 2195 quia
621 2115 745 2195 Dragos
768 2112 853 2175 filius
881 2112 1034 2194 Stephani
1066 2112 1205 2175 saIIvene
1230 2131 1329 2194 quam
1353 2111 1461 2191 sepius

198 2218 232 2279 in
257 2219 427 2281 manifesto
453 2218 615 2282 furticInio
639 2233 686 2281 est
701 2233 854 2302 repertus,
879 2219 953 2280 ideo
976 2220 1002 2279 si
1020 2220 1051 2280 In
1076 2220 1194 2281 tenutis
1216 2219 1299 2281 dicte
1324 2218 1459 2280 civitatis

197 2326 329 2406 reperiri
352 2326 479 2407 poterit,
504 2346 541 2386 ex
566 2340 640 2387 tunc
665 2345 722 2408 pro
748 2324 817 2386 fure
846 2324 1016 2387 manIfesto
1040 2325 1193 2407 captivari
1218 2325 1343 2387 debeat.

268 2527 363 2602 Feria
392 2533 498 2603 tercia
527 2533 681 2621 proxima
710 2544 786 2619 post
814 2529 939 2600 festum
967 2524 1232 2616 Epiphaniarum
1261 2528 1395 2598 domlnl.

589 2681 691 2764 (Anno
715 2680 806 2760 1384,
832 2696 880 2742 12.
896 2678 1066 2759 januarit).

304 2823 382 2884 Item
407 2822 495 2904 quod
520 2823 596 2904 quia
619 2823 701 2884 circa
726 2823 861 2883 Paulum
886 2821 1048 2882 literatum
1074 2817 1174 2879 filium
1197 2817 1374 2881 Clementis
1396 2819 1456 2880 tria

197 2926 277 2989 falsa
303 2929 406 3009 sigilla
439 2929 631 3007 invenimus,
661 2941 692 2991 et
715 2947 788 2989 cum
813 2927 890 3008 ipsis
912 2924 1025 3007 sigillis
1057 2924 1173 2986 multas
1197 2922 1347 2985 falsitates
1372 2923 1459 2986 idern

197 3032 308 3096 fecisse
333 3050 379 3098 est
403 3049 556 3117 repertus,
576 3035 650 3096 ideo
668 3035 772 3117 ipsum
796 3033 929 3095 cremari
946 3030 1080 3094 fecImus
1101 3045 1131 3093 et
1156 3031 1329 3110 comburri,
1354 3049 1394 3092 ne
1418 3031 1458 3091 ab

197 3162 236 3204 eo
262 3141 368 3204 forent
392 3142 573 3225 exemplati.

303 3248 381 3310 Item
416 3248 590 3330 Gregorius
621 3246 717 3309 frater
749 3247 897 3308 Damiani
932 3259 1042 3308 contra
1072 3244 1175 3307 Vicko
1206 3244 1312 3327 primo
1346 3244 1461 3305 citatus

197 3375 263 3417 non
289 3355 478 3438 comparuit.

305 3462 383 3524 Item
406 3461 576 3523 Pertoldus
600 3459 695 3522 frater
712 3459 842 3521 domine
861 3459 934 3521 Else
951 3457 1042 3541 (h)eri
1068 3457 1099 3519 in
1117 3455 1188 3519 foro
1212 3456 1245 3518 in
1269 3454 1353 3518 facto
1378 3456 1457 3517 inte·

196 3569 392 3652 remptionis
417 3567 525 3630 relicte
550 3566 656 3648 Egidii
681 3564 828 3649 pellificis
852 3565 993 3647 Iegitlme
1018 3563 1244 3647 proclamatus,
1268 3581 1333 3624 aon
1356 3562 1455 3626 venit.

303 3676 380 3737 Item
405 3674 540 3756 Egidius
564 3687 652 3735 sutor
677 3671 768 3755 (h)eri
801 3672 833 3734 in
858 3670 929 3734 foro
954 3671 986 3732 in
1011 3668 1094 3731 facto
1118 3668 1379 3751 interempcionis
1410 3688 1457 3729 re-

197 3780 271 3843 licte
298 3781 405 3863 Egidii
430 3779 576 3862 pellificis
600 3778 755 3860 legittime
781 3777 1006 3860 proclamatus,
1030 3796 1095 3838 non
1120 3775 1218 3838 venit.

304 3888 381 3949 Item
405 3886 570 3950 Dionisius
594 3885 780 3949 Carintmus
811 3897 925 3946 octavo
950 3883 1001 3944 die
1034 3901 1128 3964 super
1152 3901 1191 3944 eo
1215 3880 1342 3962 jurabit,
1367 3879 1455 3963 quod

209 4012 301 4075 psum
328 3994 419 4055 Kone
446 3993 477 4054 ln
503 4012 580 4054 naso
605 3992 813 4069 vulnerasset,
836 3989 978 4052 secundo
1002 4009 1046 4051 se.

303 4098 380 4160 Item
407 4097 606 4180 Margaretha
639 4097 704 4158 filia
737 4097 847 4159 Jacobi
873 4116 928 4178 per
960 4109 1054 4157 testes
1085 4092 1229 4157 efficaces
1253 4091 1286 4153 id
1310 4111 1459 4174 compro·

197 4205 294 4282 bavit,
321 4205 409 4287 quod
434 4204 545 4266 fratres
568 4205 616 4266 sui
641 4203 787 4286 quintam
804 4215 926 4285 partem
955 4200 1120 4263 cuiusdam
1147 4197 1248 4278 fundi,
1272 4197 1458 4280 porcionem

197 4311 348 4373 videlicet
373 4310 481 4394 Gyure
507 4309 610 4372 fratris
634 4310 693 4388 sul,
718 4309 899 4386 dedissent;
932 4321 963 4370 et
987 4307 1085 4369 iidem
1109 4305 1220 4368 fratres
1243 4306 1291 4367 sui
1316 4305 1460 4387 quinque

197 4438 329 4496 marcas,
354 4438 433 4499 quas
456 4431 546 4500 pater
577 4416 660 4478 dicte
692 4415 799 4498 puelle
823 4415 967 4497 legasset,
1000 4415 1081 4475 inter
1105 4433 1137 4473 se
1169 4412 1360 4489 diviserunt;
1385 4411 1460 4474 ideo

199 4524 274 4605 quia
300 4525 384 4606 Ipsas
408 4524 552 4605 quinque
577 4542 698 4583 marcas
714 4535 913 4604 receperunt,
937 4520 984 4581 iIli
1001 4518 1203 4581 fideiussores
1228 4518 1312 4579 Iwan
1335 4517 1459 4579 solvere

197 4630 317 4692 debent
341 4650 442 4713 usque
467 4628 656 4711 quindenas.

303 4737 381 4798 Item
415 4736 566 4797 HerrIcus
597 4732 728 4814 pellifex
759 4745 869 4795 contra
902 4730 1083 4795 Corardum
1107 4731 1213 4814 primo
1248 4730 1362 4792 citatus
1394 4749 1458 4792 non

113 4836 116 4841 ’
197 4842 386 4924 comparuit.
