3472 5234
244 281 306 361 298
627 276 829 356 Anno1389.
854 314 896 322 —
913 295 970 357 30.
994 277 1108 354 apula.

347 495 424 556 ltem
450 493 637 557 Leonardus
659 506 760 554 sartor
784 506 893 554 contra
918 492 1047 554 Petrum
1077 491 1267 553 secundario
1296 491 1410 552 citatus
1435 510 1499 552 non

242 601 431 682 comparuit.

348 708 425 770 ltem
452 708 565 770 Simon
589 721 690 768 sartor
714 720 824 769 contra
849 705 1035 788 Gyaninum
1066 703 1257 766 secundario
1293 703 1406 765 citatus
1439 724 1504 766 non

241 814 430 896 comparuit.

347 920 423 982 Item
449 921 515 982 Juri
541 933 650 983 contra
675 919 811 981 Selezlro
834 918 940 1001 primo
968 918 1081 980 citatus
1104 937 1170 980 non
1195 918 1385 999 comparuit.

347 1027 424 1088 ltem
450 1029 560 1089 Petrus
585 1025 779 1108 Munchtych
804 1038 913 1086 contra
939 1024 1133 1106 Gregorium
1157 1024 1291 1085 voscbar
1314 1024 1419 1106 primo
1460 1024 1503 1086 ci·

241 1146 325 1195 tatus
349 1154 414 1196 non
439 1133 628 1215 comparuit.

347 1239 424 1302 ltem
448 1239 565 1300 Paulus
598 1254 628 1300 et
660 1239 803 1301 Scorlich
835 1253 943 1300 contra
970 1238 1149 1300 Johannem
1175 1237 1255 1298 Bole
1279 1236 1385 1319 primo
1417 1236 1503 1297 citati

241 1365 306 1407 non
332 1360 590 1428 comparuerunt.

346 1453 423 1514 Item
449 1451 618 1534 Matheylra
643 1451 760 1512 mulier
784 1466 898 1513 octavo
922 1451 973 1511 die
1000 1471 1055 1533 per
1086 1463 1266 1511 consortem
1292 1449 1360 1508 Kus
1384 1460 1415 1508 et

239 1560 407 1621 mulierem
433 1559 492 1620 hoc
518 1558 675 1636 atestabit,
707 1558 795 1639 quod
827 1558 895 1639 ipsa
920 1556 1087 1618 Elizabeth
1120 1556 1246 1617 mulieri
1279 1573 1337 1637 pro
1363 1567 1502 1635 quatuor

239 1664 342 1747 peplis
367 1665 510 1746 quinque
536 1683 657 1724 marcas
681 1663 894 1745 persolvisset.

345 1772 421 1833 ltem
447 1772 557 1833 Petrus
581 1770 721 1832 decanus
754 1784 864 1832 contra
890 1769 1019 1851 Mathey
1043 1769 1219 1829 salivenam
1250 1766 1356 1850 primo
1387 1766 1500 1827 citatus

238 1896 304 1939 non
332 1878 522 1959 comparuit.

341 1983 420 2045 ltern
445 1984 527 2044 alius
552 1983 662 2044 Petrus
694 1996 803 2043 contra
836 1981 976 2043 eundem
1003 1981 1131 2064 Mathey
1164 1981 1268 2063 primo
1297 1980 1411 2041 citatus
1435 1998 1501 2040 non

238 2090 427 2170 comparuit.

342 2196 420 2257 ltem
447 2195 606 2278 Georgius
624 2195 720 2258 Loter
745 2209 854 2257 contra
872 2193 1051 2257 Johannem
1071 2194 1197 2278 Gracyu
1214 2194 1362 2255 terciario
1387 2193 1500 2254 citatus

238 2321 302 2362 non
329 2303 519 2384 comparuit.

344 2409 423 2470 Item
455 2413 548 2471 Anna
580 2409 695 2471 mulier
726 2422 840 2470 octavo
869 2408 919 2469 die
951 2407 1093 2469 secundo
1124 2426 1157 2468 se
1181 2426 1275 2489 super
1306 2426 1345 2468 eo
1369 2406 1499 2487 jurabit,

237 2515 325 2596 quod
351 2515 545 2577 Biharvarad
571 2516 672 2598 ipsam
697 2516 903 2578 vulnerasset.

344 2621 422 2683 ltem
440 2621 599 2702 Georgius
616 2623 831 2705 carpentarius
848 2635 961 2684 octavo
979 2621 1031 2681 die
1054 2621 1153 2682 tercio
1170 2640 1203 2681 se
1220 2640 1315 2702 super
1332 2640 1370 2681 eo
1394 2619 1498 2702 jurare

239 2725 344 2806 debet,
363 2726 450 2809 quod
469 2728 535 2809 ipse
552 2728 687 2790 nesciret
704 2728 776 2810 quis
799 2727 938 2810 quedam
955 2727 1021 2787 duo
1038 2726 1121 2808 palia
1146 2745 1241 2808 super
1257 2745 1386 2786 currum
1402 2745 1497 2787 suum

237 2834 406 2915 posuisset,
431 2854 466 2895 ac
501 2835 652 2895 dominus
683 2836 845 2896 lohannes
875 2833 1012 2895 condam
1044 2833 1150 2914 judex,
1176 2832 1337 2894 lohannes
1370 2832 1497 2915 Gracyn

237 2953 268 3000 et
293 2941 403 3002 Petrus
427 2941 495 3023 ipsa
519 2943 602 3022 palia
628 2943 667 3002 ab
691 2943 760 3023 ipso
785 2960 850 3001 non
875 2940 1105 3022 repetivissent.

346 3049 422 3111 ltem
441 3048 586 3109 Thomas
610 3048 827 3130 carpentarius
855 3048 956 3108 Paulo
980 3045 1142 3107 aurifabro
1167 3064 1224 3127 pro
1249 3066 1298 3124 e0,
1324 3046 1411 3127 quod
1436 3046 1496 3107 sibi

237 3174 338 3215 unum
363 3156 544 3216 membrum
570 3175 588 3215 a
612 3174 645 3215 re
663 3153 787 3215 fecisset
803 3154 913 3214 decem
932 3173 1053 3214 marcas
1077 3172 1177 3233 usque
1194 3152 1374 3233 quindenas
1390 3152 1496 3213 eidem

236 3261 360 3321 solvere
385 3261 480 3322 debet
504 3281 539 3321 ac
565 3260 691 3320 medico
716 3258 905 3337 satisfacere,
930 3259 1027 3339 judici
1056 3259 1155 3319 eciam
1182 3258 1261 3319 duas
1285 3278 1407 3320 marcas
1431 3258 1494 3319 sol-

236 3386 309 3428 vere
338 3366 443 3428 debet.

341 3473 417 3535 ltem
443 3492 535 3533 causa
561 3472 715 3533 Demetrii
740 3485 848 3532 contra
873 3472 1010 3533 Borkam
1036 3491 1136 3553 usque
1161 3486 1234 3533 octo
1259 3472 1327 3533 dies
1350 3487 1396 3535 est
1420 3492 1493 3555 pro·

234 3591 354 3659 rogata.
1031 3640 1035 3646 .

340 3684 416 3744 ltem
443 3684 530 3765 quod
545 3685 692 3765 quamvis
710 3705 765 3766 per
782 3683 893 3746 fratres
910 3699 939 3746 et
957 3686 1120 3766 proximos
1138 3685 1264 3746 Mikech
1282 3686 1357 3747 dicti
1376 3686 1492 3768 Stepch

235 3790 274 3852 de
299 3790 442 3872 Zagorya
469 3790 587 3851 nobilis
611 3809 705 3872 super
729 3811 779 3869 eo,
803 3805 837 3852 ut
861 3792 928 3873 ipse
953 3791 1079 3853 Mikech
1106 3811 1161 3873 per
1185 3790 1324 3872 judicem
1349 3791 1492 3875 Capituli

234 3910 265 3958 et
287 3896 442 3977 quosdam
477 3895 649 3958 familiares
679 3897 802 3958 domini
835 3897 988 3958 Johannis
1019 3898 1233 3959 archidiaconi
1267 3899 1305 3960 de
1337 3899 1491 3960 Vrbouch

234 4003 333 4064 nostri
359 4003 499 4064 concivis
525 4023 561 4063 ex
579 4003 665 4081 jussu
690 4018 720 4065 et
738 4004 889 4067 mandato
914 4004 988 4065 dicti
1008 4004 1130 4065 domini
1155 4005 1309 4066 iohannis
1334 4006 1493 4068 innostro

232 4108 393 4169 territorio
419 4108 602 4169 vulneratus
626 4108 736 4171 fuisset
767 4125 978 4192 conquestum
1011 4110 1116 4189 luerit,
1151 4125 1256 4172 tamen
1284 4112 1428 4174 volentes
1453 4113 1493 4174 de

234 4215 395 4295 premissis
420 4215 683 4277 certitudinaliter
709 4217 836 4281 edoceri
870 4232 900 4279 et
931 4217 1096 4278 informari
1122 4218 1236 4279 eodem
1271 4218 1404 4280 domino
1438 4220 1490 4280 lo·

234 4321 337 4382 hanna
362 4322 572 4402 personaliter
595 4342 701 4383 coram
731 4324 823 4384 nobis
844 4338 975 4402 astante,
1008 4324 1075 4384 viso
1100 4324 1171 4385 loco
1189 4324 1242 4385 ubi
1270 4324 1336 4405 ipse
1362 4325 1489 4386 Mikech

234 4426 375 4508 Scepcha
401 4428 584 4491 vulneratus
602 4428 710 4490 fuisset
733 4449 769 4490 ac
793 4429 938 4509 diligenti
961 4430 1182 4510 inquisitionis
1205 4431 1358 4491 scrutinio
1391 4430 1491 4509 factis,

233 4534 336 4615 ipsum
362 4534 497 4595 condam
524 4535 649 4597 Mikech
674 4556 740 4597 non
768 4536 800 4597 in
832 4551 942 4598 nostro
973 4538 1132 4599 territorio
1164 4537 1366 4599 vulneratum
1392 4536 1491 4600 fuisse

233 4660 291 4701 nec
315 4639 452 4702 extitisse
481 4642 668 4724 reperimus,
701 4662 758 4704 nec
782 4643 899 4704 scimus
930 4663 987 4723 per
1018 4663 1113 4725 quem
1140 4644 1205 4725 ipse
1228 4643 1352 4705 Mikech
1379 4644 1490 4706 vulne·

233 4760 317 4808 ratus
341 4743 460 4810 fuisset.
1388 4760 1391 4765 ’
