3472 5234
669 337 754 393 Anno
777 333 869 411 1382.
896 370 936 379 -
960 350 989 397 2.
1014 338 1092 397 maii.
1461 358 1518 418 173

364 544 442 607 Item
468 546 648 628 Stephanus
673 546 740 606 Rez
765 546 907 607 secundo
931 568 963 608 se
996 561 1111 608 octavo
1136 546 1188 607 die
1212 566 1307 628 super
1331 567 1370 608 eo
1394 547 1522 627 jurabit,

257 651 344 731 quod
371 652 474 732 ipsum
501 652 586 713 Iwan
612 652 784 734 Hlebopek
808 654 1006 734 percusserit.

361 757 440 819 Item
458 758 543 819 idem
561 757 742 839 Stephanus
758 777 853 839 super
877 772 995 839 quanta
1009 759 1185 840 quantitate
1203 759 1338 839 pecunie
1362 772 1519 839 quantum

255 863 421 944 quoddam
440 883 534 925 suum
552 862 661 925 lenum
680 864 826 942 valuerit,
844 878 959 926 octavo
976 865 1027 925 die
1044 863 1171 944 jurabit,
1184 863 1245 924 hoc
1261 863 1320 925 sibi
1339 862 1522 925 Anthonius

254 966 339 1030 fillus
363 969 464 1030 Renis
487 969 668 1051 persolvere
692 970 799 1031 debet.

361 1074 438 1136 Item
465 1075 604 1156 Stephek
628 1095 722 1136 nosar
745 1095 848 1156 usque
865 1075 1045 1156 quindenas
1063 1074 1130 1136 Flic
1156 1076 1284 1157 Reynar
1301 1075 1382 1136 duas
1400 1094 1522 1137 marcas

255 1180 380 1242 solvere
405 1180 500 1241 debet
524 1200 582 1262 pro
607 1180 746 1261 quadam
772 1181 999 1242 verberacione
1024 1181 1131 1241 uxoris
1155 1200 1221 1242 sue.

362 1287 439 1348 Item
464 1307 557 1348 causa
583 1286 694 1347 Jacobi
726 1284 882 1348 carnificis
912 1301 1022 1347 contra
1047 1285 1132 1346 Iwan
1165 1285 1304 1365 juratum
1337 1286 1443 1348 Joffan
1473 1307 1521 1348 ra·

255 1391 347 1453 clone
360 1391 573 1472 quarumdam
587 1391 810 1472 posessIonum
827 1391 956 1453 Thome
970 1404 1001 1453 et
1019 1391 1129 1452 Jacobi
1147 1390 1287 1452 filiorum
1302 1391 1401 1452 Marci
1419 1411 1521 1473 usque

255 1497 295 1557 ad
319 1497 493 1558 adventum
518 1497 662 1558 eiusdem
689 1497 798 1557 Jacobi
824 1510 871 1558 est
893 1510 1073 1578 prorogata.

360 1601 438 1663 Item
464 1601 549 1662 filius
573 1600 706 1683 Georgii
737 1601 873 1663 Sidouin
906 1616 1020 1663 octavo
1044 1601 1097 1663 die
1130 1602 1273 1663 secundo
1297 1621 1330 1663 se
1356 1622 1451 1684 super
1482 1623 1521 1665 eo

255 1707 381 1786 jurabit,
406 1707 494 1789 quod
520 1708 624 1789 ipsum
650 1708 802 1769 Nicolaus
826 1708 1062 1770 Chernechneti
1087 1709 1289 1790 percusserit.

361 1815 438 1876 Item
463 1814 552 1894 quod
570 1813 645 1895 quia
664 1813 775 1874 Petrus
791 1833 927 1894 magnus
943 1827 1044 1876 sartor
1062 1834 1117 1895 per
1139 1828 1235 1877 testes
1251 1812 1397 1876 efficaces
1413 1834 1521 1876 coram

255 1921 349 1982 nobis
373 1920 405 1981 id
430 1920 664 2001 comprobavit,
690 1934 724 1981 ut
747 1919 908 1981 Fabianus
932 1920 1074 1982 literatus
1098 1939 1171 1982 curn
1197 1921 1266 2002 ipso
1291 1921 1420 1982 racione
1437 1941 1518 2002 quo·

255 2027 402 2088 rumdam
427 2026 611 2102 domorum,
635 2045 698 2106 que
719 2025 923 2087 Chezeniche
955 2025 1158 2108 prefuissent,
1183 2047 1221 2088 eo
1255 2027 1354 2089 modo
1388 2047 1520 2089 concor-

256 2133 341 2193 diam
366 2131 502 2209 iecisset‚
527 2146 561 2193 ut
586 2131 672 2192 idem
697 2132 808 2192 Petrus
824 2132 885 2192 sibi
909 2131 1061 2193 videlicet
1079 2132 1223 2193 Fabiano
1242 2132 1355 2193 decem
1381 2131 1521 2194 florenos

256 2239 336 2316 auri,
361 2238 446 2298 idem
473 2257 548 2299 vero
573 2236 734 2298 Fabianus
759 2237 864 2298 eidem
898 2237 991 2299 Petro
1016 2256 1135 2318 magno
1168 2238 1413 2319 expedicionem
1446 2239 1522 2300 dare

255 2358 437 2420 teneretur;
462 2344 535 2404 ideo
560 2344 638 2404 dum
663 2344 729 2424 ipse
755 2343 915 2404 Fabianus
939 2343 1044 2404 eidem
1075 2344 1168 2405 Petro
1193 2345 1439 2426 expedicionem
1464 2346 1519 2406 de·

255 2451 349 2529 derit,
374 2465 450 2512 tunc
475 2450 560 2511 idern
585 2450 696 2510 Petrus
720 2449 822 2510 dictos
849 2450 961 2510 decem
993 2448 1062 2511 flor.
1088 2449 1194 2510 eidem
1227 2450 1371 2512 Fabiano
1395 2451 1520 2513 solvere

258 2557 438 2632 tenebitur;
463 2556 525 2618 hoc
548 2570 655 2617 tamen
681 2554 815 2635 adjecto,
840 2555 928 2636 quod
956 2555 1065 2617 omnia
1097 2556 1250 2636 premissa
1274 2574 1347 2617 cum
1372 2570 1521 2620 consorte

256 2663 331 2725 dicti
357 2663 492 2724 Fabiani
517 2676 590 2723 sunt
614 2675 751 2743 peracta,
775 2674 806 2722 et
828 2679 995 2741 nunquam
1028 2661 1125 2722 iidem
1151 2660 1312 2722 Fabianus
1336 2675 1367 2723 et
1391 2681 1522 2724 consors

255 2789 311 2830 sua
324 2769 453 2830 racione
466 2768 624 2829 dictarum
635 2767 807 2828 domorum
822 2767 912 2828 litem
921 2785 1052 2827 movere
1066 2766 1188 2847 possint
1201 2766 1252 2828 vel
1265 2782 1519 2849 presumpmant.

363 2874 440 2935 Item
466 2874 589 2934 Drasko
615 2872 654 2932 de
679 2870 813 2954 Dedych
844 2885 959 2933 octavo
984 2870 1036 2931 die
1067 2871 1209 2933 secundo
1233 2892 1266 2932 se
1290 2891 1386 2953 super
1410 2892 1449 2934 eo
1474 2873 1523 2951 ju·

256 2981 348 3058 rabit,
373 2980 462 3061 quod
487 2980 591 3060 ipsum
617 2977 740 3059 Symon
765 2976 971 3039 vulnerasset.

363 3086 441 3147 Item
467 3085 553 3146 idem
578 3085 680 3145 Drask
704 3082 848 3145 secundo
872 3103 904 3143 se
933 3096 1047 3144 octavo
1071 3082 1123 3142 die
1147 3081 1264 3162 jurabit
1294 3081 1383 3163 quod
1418 3081 1520 3143 Bene-

257 3194 361 3255 dictus
386 3192 491 3274 ipsum
515 3191 721 3252 vulnerasset.

362 3298 440 3359 Item
457 3298 595 3358 lacobus
612 3296 691 3357 Bole
709 3308 819 3357 contra
833 3295 1003 3357 dominum
1021 3294 1206 3378 Mykusium
1223 3293 1362 3355 condam
1379 3292 1520 3374 judicem

256 3419 344 3467 actor
368 3403 544 3480 existendo,
569 3421 698 3463 causam
724 3421 815 3462 suam
840 3403 991 3464 exscitare
1016 3420 1082 3462 non
1113 3400 1200 3462 venit
1223 3420 1329 3481 neque
1354 3400 1451 3461 misit.

362 3510 440 3571 Item
466 3507 628 3570 Iohannes
658 3505 743 3568 filius
776 3506 952 3589 Mychaelis
981 3506 1066 3568 filius
1091 3506 1245 3568 Iohannis
1269 3519 1379 3568 contra
1405 3505 1522 3590 Gyuan

256 3631 344 3679 actor
368 3615 533 3676 existendo
558 3633 623 3675 non
645 3613 742 3690 venit,
760 3633 865 3694 neque
882 3613 985 3674 missit
1008 3613 1173 3674 accionem
1196 3632 1288 3674 suam
1312 3613 1476 3674 exscitare.

362 3720 439 3782 Item
465 3719 610 3780 Andreas
634 3719 673 3779 de
699 3719 827 3780 Rodees
851 3733 960 3780 contra
995 3719 1124 3780 Petrum
1157 3719 1353 3800 clavigerum
1379 3719 1521 3780 custodis

257 3825 495 3909 perhemptorie
521 3825 714 3907 respondere
739 3825 860 3886 debens
884 3844 950 3886 non
975 3825 1142 3907 respondit
1166 3844 1271 3905 neque
1295 3825 1395 3887 venit.

390 4045 486 4118 Feria
516 4055 613 4117 sexta
643 4053 721 4116 ante
750 4044 873 4115 lestum
901 4043 1111 4115 Invencionis
1140 4050 1256 4115 sancte
1286 4046 1409 4114 crucis.

808 4208 851 4272 (2.
875 4194 972 4271 maii).

363 4340 441 4401 Item
468 4338 618 4421 Bedycba
643 4350 753 4398 contra
777 4336 916 4396 Judeum
949 4335 1054 4417 primo
1088 4334 1203 4395 citatus
1235 4352 1300 4395 non
1333 4331 1524 4413 comparuit.

365 4446 443 4507 Item
469 4464 563 4506 causa
580 4444 726 4505 Barnabe
750 4455 860 4503 contra
877 4440 984 4501 Endre
1008 4440 1048 4501 ad
1072 4453 1223 4501 octavum
1248 4437 1334 4498 diem
1351 4436 1391 4498 ad
1409 4455 1523 4518 pacem

260 4566 307 4614 est
330 4572 401 4614 rece
426 4566 466 4613 ta.

363 4572 442 4718 Itein
468 4658 617 4718 Marenus
640 4654 779 4736 lapicida
804 4667 914 4714 contra
930 4652 1016 4714 Iwan
1041 4665 1156 4714 octavo
1181 4650 1233 4712 die
1257 4648 1476 4731 respondebit.

365 4762 442 4824 Item
462 4762 655 4824 Benedictus
671 4774 780 4822 contra
799 4758 978 4840 Georgium
991 4758 1096 4841 primo
1115 4757 1229 4820 citatus
1248 4775 1315 4818 non
1332 4753 1523 4837 comparuit.
