3472 5234
598 359 867 440 Anno1385.-
890 376 939 424 21.
960 359 1047 443 julii·
1392 378 1452 438 245

293 576 370 637 ltem
397 594 490 636 causa
509 572 602 635 Jolan
628 585 738 634 contra
755 572 939 634 Dionisium
964 585 995 634 et
1019 572 1194 634 Martinum
1218 570 1455 653 carpentarium

187 682 228 744 ad
253 694 402 744 octavum
428 681 515 741 diem
540 678 580 740 ad
604 697 716 760 pacem
740 690 788 739 est
810 690 948 760 recepta.

294 789 376 850 Item
393 806 488 848 causa
511 785 627 867 judicis
643 799 754 847 contra
770 783 924 867 Gyurgek
944 784 983 846 ad
1008 796 1158 846 octavum
1175 783 1262 845 diem
1286 781 1326 844 ad
1342 801 1456 864 pacem

189 907 236 954 est
260 906 397 975 recepta.

294 999 373 1060 Item
404 997 538 1081 Gyanus
572 996 786 1079 Hudolepech
817 1009 927 1058 contra
961 995 1140 1078 Georgium
1172 996 1315 1058 secundo
1342 996 1457 1058 citatus

189 1124 256 1166 non
282 1104 472 1187 comparuit.

296 1212 374 1272 ltem
399 1211 511 1272 Kusko
536 1223 645 1271 contra
668 1208 870 1272 Anthonium
898 1209 1004 1292 primo
1036 1210 1149 1271 citatus
1175 1228 1240 1270 non
1265 1207 1455 1290 comparuit.

296 1316 374 1377 ltem
399 1315 496 1398 Elyas
519 1334 637 1397 parvus
661 1328 769 1376 contra
787 1313 896 1376 Bartol
912 1315 1018 1397 primo
1047 1315 1160 1376 citatus
1183 1334 1248 1376 non
1265 1315 1455 1397 comparuit.

296 1422 374 1483 ltem
399 1421 507 1483 Endre
532 1421 598 1503 Syb
623 1433 732 1482 contra
749 1418 943 1502 Gregorium
969 1419 1114 1482 woschar
1129 1420 1235 1503 primo
1260 1421 1374 1482 citatus
1390 1439 1455 1482 non

190 1528 380 1610 comparuit.

295 1632 374 1693 ltem
400 1631 555 1715 Zekyrich
579 1652 636 1714 per
660 1631 822 1693 Matheiko
848 1645 879 1694 et
897 1631 1072 1694 Bedicham
1095 1631 1157 1695 hoc
1183 1632 1343 1710 atestabit,
1367 1632 1456 1713 quod

191 1739 297 1821 ipsum
322 1739 430 1800 Bartol
455 1739 676 1820 vituperasset.

299 1843 377 1905 Item
402 1864 497 1905 causa
520 1843 628 1906 Mathe
651 1843 838 1926 gladiatoris
869 1857 979 1906 contra
1003 1844 1108 1906 Jaklin
1132 1844 1173 1906 ad
1196 1858 1346 1906 octavum
1370 1843 1456 1905 diem

191 1949 231 2010 ad
255 1969 368 2030 pacem
393 1963 439 2012 est
462 1962 597 2032 recepta.

297 2055 376 2116 ltem
401 2056 506 2117 lwana
532 2055 648 2117 mulier
671 2075 727 2138 per
743 2054 894 2116 dominos
920 2056 1100 2118 Barnabam
1124 2069 1155 2117 et
1171 2055 1332 2117 Jacobum
1356 2075 1457 2118 sacer·

191 2159 293 2238 dotes,
318 2161 447 2223 Petrum
472 2162 594 2223 Prunar
618 2160 798 2223 carnificem
830 2174 862 2222 et
885 2162 1098 2224 Laurencium
1125 2161 1283 2244 Putarych
1306 2161 1368 2224 hoc
1391 2175 1457 2224 ate-

190 2266 295 2344 stabit,
320 2267 409 2348 quod
432 2268 492 2331 sibi
517 2268 566 2328 vir
588 2287 664 2329 suus
686 2267 814 2329 vineam
838 2287 929 2329 suam
954 2267 1099 2349 legasset.

298 2371 376 2434 Item
401 2392 494 2434 causa
528 2373 661 2435 Fabiani
693 2372 809 2434 literati
842 2385 873 2433 et
898 2373 965 2457 Syb
990 2373 1098 2435 Endre
1129 2374 1170 2436 ad
1194 2388 1344 2436 octavum
1370 2373 1457 2434 diem

194 2477 233 2539 ad
258 2497 370 2560 pacem
395 2492 441 2540 est
465 2491 601 2561 recepta.

297 2585 376 2646 ltem
390 2604 483 2646 causa
501 2584 670 2646 Laurencii
687 2584 802 2665 judicis
823 2583 959 2646 condam
978 2598 1009 2646 et
1025 2585 1121 2647 Liber
1138 2598 1248 2647 contra
1265 2583 1456 2666 Jurglynum

191 2691 374 2772 piliatorem
398 2690 438 2751 ad
462 2703 612 2752 octavum
637 2689 722 2751 diem
747 2689 787 2751 ad
811 2708 924 2771 pacem
949 2704 995 2752 est
1019 2703 1154 2773 recepta.

298 2797 376 2857 Item
406 2795 512 2857 Endre
546 2796 612 2878 Syb
642 2815 700 2878 per
731 2796 899 2857 Marenum
932 2809 962 2856 et
995 2797 1126 2858 Petrum
1149 2795 1364 2878 gladiatorem
1397 2795 1458 2857 hoc

192 2902 338 2963 atestabit
362 2915 476 2964 octavo
501 2901 564 2979 die,
588 2901 676 2982 quod
701 2902 806 2984 ipsum
831 2899 929 2984 Elyas
954 2921 1071 2983 parvus
1093 2903 1314 2984 vituperasset.

300 3008 376 3070 ltem
403 3008 500 3090 Elyas
523 3027 640 3090 parvus
663 3021 773 3070 contra
790 3007 971 3069 Johannem
989 3007 1170 3070 carnificem
1186 3007 1328 3070 secundo
1345 3007 1458 3069 citatus

193 3133 258 3174 non
284 3114 472 3194 comparuit.

301 3219 378 3280 ltem
393 3220 575 3281 Anthonius
592 3234 701 3282 contra
715 3219 893 3302 Georgium
907 3220 1050 3283 secundo
1063 3221 1176 3283 citatus
1188 3239 1253 3282 non
1268 3219 1458 3302 comparuit.

299 3325 378 3386 ltem
403 3325 511 3388 Bartol
536 3339 650 3389 octavo
674 3327 725 3388 die
757 3328 856 3389 tercio
880 3347 912 3388 se
937 3327 1064 3409 jurabit,
1096 3326 1184 3408 quod
1208 3327 1276 3410 ipse
1301 3325 1457 3409 Zekyrich

194 3452 258 3494 non
284 3433 505 3514 vituperasset.

299 3538 377 3600 ltem
404 3537 537 3620 Gyanus
562 3539 630 3600 Bon
660 3537 737 3601 feria
758 3540 856 3601 tercia
887 3539 1032 3622 proxime
1065 3551 1198 3600 ventura
1223 3538 1458 3621 quinquaginta

196 3642 343 3706 homines
367 3644 525 3706 adducere
551 3644 646 3707 debet
677 3659 804 3707 etcum
835 3645 949 3727 viginti
976 3645 1120 3726 quinque
1153 3644 1340 3706 hominibus
1363 3662 1459 3727 super

196 3769 234 3810 eo
258 3750 385 3830 jurabit,
403 3749 491 3831 quod
509 3751 621 3812 Petrus
638 3750 721 3813 filius
745 3750 840 3812 Blaslt
858 3751 1014 3832 quasdam
1038 3770 1088 3811 res
1112 3750 1212 3832 ipsius
1239 3749 1345 3833 Gyani
1362 3750 1458 3811 latro·

195 3855 340 3917 cinaliter
363 3856 549 3937 spoliaverit
572 3870 603 3918 et
626 3876 702 3918 suus
725 3855 881 3938 spoliator
904 3855 1009 3920 luerit.

300 3960 377 4022 ltem
399 3961 545 4023 Thomas
569 3977 682 4024 octavo
708 3961 759 4023 die
776 3962 876 4024 tercio
899 3982 933 4024 se
957 3982 1053 4044 super
1077 3981 1116 4023 eo
1133 3961 1260 4044 jurabit,
1285 3959 1373 4041 quod
1392 3960 1458 4041 ipse

194 4065 309 4126 lwanie
335 4066 460 4128 mulieri
486 4069 614 4129 racione
637 4068 804 4130 cuiusdam
827 4068 894 4129 vini
918 4067 1017 4130 nichil
1042 4067 1169 4130 debitor
1192 4066 1296 4129 luerit.

300 4173 379 4234 ltem
405 4172 552 4256 Mychael
583 4194 641 4255 per
672 4173 865 4255 Gregorium
890 4173 1035 4236 woschar
1066 4186 1097 4235 et
1122 4174 1267 4235 Marcum
1300 4171 1458 4234 famulum

195 4299 289 4341 suum
313 4292 427 4340 octavo
452 4279 504 4341 die
529 4281 685 4357 atestabit,
710 4280 798 4363 quod
823 4281 929 4363 ipsum
953 4280 1110 4363 Zekyrich
1135 4280 1348 4362 percussisset.

300 4386 379 4446 ltem
397 4385 485 4446 Rade
511 4401 625 4448 octavo
643 4386 694 4448 die
711 4386 854 4449 secundo
870 4407 902 4448 se
927 4405 1022 4468 super
1040 4405 1078 4447 eo
1102 4385 1230 4467 jurabit,
1248 4384 1336 4467 quod
1354 4385 1458 4466 ipsum

198 4492 365 4554 Emericus
389 4511 521 4573 arcupar
545 4492 751 4554 vulnerasset.

299 4595 377 4657 ltem
402 4644 435 4658 ..
461 4596 531 4657 zedi
557 4609 667 4658 contra
691 4596 850 4659 Janchech
874 4597 979 4679 primo
997 4597 1110 4659 citatus
1133 4615 1198 4658 non
1224 4596 1414 4678 comparuit.

299 4702 378 4763 ltem
402 4701 491 4782 quod
516 4703 591 4785 quia
616 4700 770 4765 Clemens
793 4701 932 4765 carnifex
962 4702 1065 4764 dictus
1090 4701 1243 4764 Ribarich
1267 4721 1341 4763 cum
1364 4706 1459 4763 Anna

195 4807 331 4869 muliere
356 4822 503 4870 consorte
528 4807 684 4871 Johannis
715 4807 871 4890 lucifiguli
896 4807 1007 4871 fuisset
1031 4807 1243 4891 reprehensus
1266 4809 1298 4871 in
1320 4808 1459 4871 maxima
