3472 5234
638 328 725 384 Anno
747 321 845 403 1389.
877 359 905 368 -
938 338 985 400 19.
1011 327 1120 384 martii.

361 539 439 601 Item
459 539 612 600 Miklinus
637 538 772 601 condam
799 537 906 618 judex.
952 548 961 692 p

363 645 442 707 Item
466 645 551 706 Iwan
576 645 679 706 dictus
703 643 807 707 Jofan.
956 695 964 760 l

360 751 439 813 Item
463 750 625 814 Iohannes
649 751 815 813 Hermani.
871 827 873 832 .
956 778 964 848 1
1010 749 1118 828 lingva
1142 747 1377 809 theutonicalis.

363 857 440 918 Item
465 857 656 921 Perthlinus.
953 849 963 992 1

361 962 440 1024 Item
465 961 628 1025 Corardus
650 976 750 1026 sutor.

362 1173 440 1235 Item
462 1174 613 1235 dominus
638 1174 738 1235 Lulra.

362 1279 441 1340 Item
465 1279 608 1340 Zakaria.

360 1384 438 1446 Item
460 1385 598 1468 Mapheo
615 1384 753 1446 condam
770 1384 990 1448 tricesImator.
1091 1386 1198 1466 lingva
1224 1383 1421 1446 Latinorum.

360 1490 439 1552 Item
463 1490 624 1553 Iohannes
648 1491 776 1554 Donati.

360 1596 437 1658 Item
463 1595 641 1680 GyanInus.

363 1845 438 1906 Item
453 1826 594 1925 prefatus
611 1842 762 1905 dominus
775 1843 962 1906 Franciscus
978 1844 1084 1927 judex,
1097 1844 1202 1925 jurad,
1217 1843 1390 1906 consiliarii
1408 1841 1517 1904 omnia

259 1962 374 2011 statura
397 1962 463 2012 tam
487 1950 518 2011 in
543 1950 680 2032 presenti
707 1969 803 2032 quam
832 1950 863 2012 in
889 1951 961 2012 aliis
992 1953 1130 2014 laternis
1155 1949 1359 2034 (conscripta)
1384 1947 1518 2010 iuvIoIa-

255 2056 363 2117 biliter
387 2056 585 2118 observanda
611 2055 849 2118 confirmarunt.

361 2179 438 2242 Item
463 2178 604 2262 prelatus
628 2180 779 2243 dominus
810 2182 997 2243 Franciscus
1030 2181 1137 2263 judex,
1163 2181 1257 2263 jurati
1290 2193 1320 2242 et
1344 2178 1517 2241 consiliarii

257 2286 287 2346 in
314 2305 425 2348 eorum
451 2287 585 2348 consilio
608 2286 749 2368 generali
776 2287 1002 2364 decreveruut;
1026 2302 1061 2349 ut
1095 2301 1233 2349 sartores
1257 2287 1297 2349 de
1322 2285 1519 2347 vestimentis

255 2393 428 2453 sarciendis
449 2394 531 2456 sIcut
547 2394 732 2474 exigebatur
749 2408 780 2456 et
804 2414 888 2455 nunc
906 2394 1031 2475 exigere
1049 2394 1187 2455 debeant
1205 2394 1259 2472 ita,
1283 2394 1370 2474 quod
1396 2393 1427 2453 in
1445 2392 1518 2453 Ioco
1593 2395 1598 2404 '

255 2499 350 2560 unius
381 2499 579 2577 Zarachcne‚
611 2519 710 2561 unum
746 2500 938 2582 (denarium)
971 2501 1097 2581 exigere
1130 2500 1290 2577 debeant;
1321 2500 1517 2581 quicumque

255 2617 360 2666 autem
387 2605 486 2688 ipsam
512 2605 587 2687 (non
616 2606 844 2688 observaverit)
869 2626 984 2689 penam
1012 2607 1106 2666 utrius
1138 2625 1242 2667 marce
1268 2605 1439 2686 subjaceat.

452 2839 547 2914 Feria
576 2852 673 2915 sexta
703 2846 859 2932 proxima
890 2852 967 2914 ante
997 2844 1195 2915 dominicam
1225 2840 1329 2914 Oculi.

784 3029 845 3088 (19.
869 3015 989 3080 ariarici).

360 3170 437 3231 Item
472 3170 653 3251 Stephanus
678 3170 834 3252 Chaplich
859 3171 993 3232 litoralia
1023 3173 1231 3233 instrumenta
1256 3191 1353 3251 super
1377 3171 1516 3253 quadam

255 3279 354 3338 domo
378 3322 436 3339 ...
461 3291 568 3337 contra
595 3291 776 3339 consortem
802 3278 924 3340 Mareni
947 3279 1078 3339 textoris
1102 3279 1250 3340 exhibere
1276 3279 1380 3341 debet.

361 3400 438 3461 Item
471 3400 578 3462 relicta
605 3400 727 3483 Paulyn
753 3414 863 3461 contra
888 3400 952 3460 Res
982 3402 1086 3484 primo
1114 3403 1206 3464 citata
1240 3422 1303 3463 non
1328 3403 1516 3484 comparuit.

361 3506 440 3568 Item
457 3526 550 3567 causa
568 3505 660 3567 Cifus
677 3519 707 3567 et
724 3506 815 3568 Duch
834 3526 934 3588 usque
956 3520 1029 3568 octo
1047 3508 1114 3569 dies
1132 3508 1171 3569 ad
1189 3527 1301 3589 pacem
1319 3522 1364 3569 est
1381 3523 1516 3590 recepta.

361 3612 438 3673 Item
453 3611 571 3672 Paulus
584 3613 694 3693 Kypar
704 3625 813 3673 contra
827 3612 995 3674 Nicolaum
1006 3614 1111 3694 prImo
1122 3615 1234 3675 citatus
1247 3635 1310 3676 non
1326 3615 1516 3696 comparuit.

361 3719 437 3779 Item
462 3718 607 3778 Thomas
631 3719 721 3780 lurse
745 3733 856 3781 contra
880 3718 1053 3781 Bedicham
1083 3735 1196 3781 octavo
1221 3719 1273 3784 die
1298 3721 1515 3802 respondebit.

360 3825 436 3885 Item
462 3824 588 3885 Mikech
615 3825 762 3905 Magdich
794 3839 904 3887 contra
937 3825 1129 3907 Gregorium
1163 3826 1439 3908 voyscharprImo
1472 3826 1514 3887 ci·

253 3943 335 3991 tatus
359 3950 423 3991 non
448 3931 637 4012 comparuit.

358 4034 436 4097 Item
463 4035 581 4097 Paulus
605 4051 713 4099 contra
739 4037 845 4099 Mathe
870 4038 974 4120 prImo
999 4039 1111 4100 citatus
1136 4058 1200 4100 non
1226 4039 1414 4122 comparuit.

360 4142 436 4202 Item
462 4142 566 4224 Cigan
591 4157 698 4205 contra
725 4143 846 4206 Crauth
871 4145 975 4226 primo
1000 4144 1113 4206 citatus
1136 4164 1201 4206 non
1228 4145 1417 4227 comparuit.

358 4246 436 4310 Item
468 4249 586 4310 Paulus
618 4251 727 4333 Kypar
758 4264 867 4313 contra
901 4250 1130 4312 Stachunarich
1165 4252 1270 4333 primo
1302 4252 1415 4313 citatus
1449 4271 1513 4313 non

253 4353 441 4433 comparuit.

359 4457 435 4519 Item
460 4459 578 4521 Paulus
602 4473 711 4522 contra
736 4461 867 4522 Luciam
892 4462 996 4544 primo
1020 4463 1133 4524 citatus
1157 4482 1222 4523 non
1247 4463 1437 4545 comparuit.

359 4562 436 4625 Item
462 4564 621 4648 Georgius
638 4580 747 4628 contra
772 4567 941 4628 domiuum
958 4567 1129 4630 Mikliuum
1146 4581 1260 4630 octavo
1278 4568 1329 4630 die
1348 4569 1511 4650 quandam

251 4667 374 4730 literam
399 4690 494 4752 super
517 4672 657 4754 quadam
680 4672 770 4750 silva,
792 4691 889 4752 quam
919 4673 979 4734 sibi
1005 4671 1173 4756 Gyaninus
1206 4675 1274 4736 Bon
1300 4674 1401 4754 dedit,
1425 4675 1511 4737 exhi·

252 4773 326 4836 bere
354 4775 458 4840 debet.
