3472 5234
598 316 792 396 Ann01376.
817 354 862 364 —
885 333 937 395 29.
961 321 1132 381 novembris.
1450 322 1492 402 69

333 531 413 594 Item
437 550 531 592 causa
554 530 719 592 Benedicti
743 542 775 592 et
802 529 960 592 Wrouich
993 543 1039 593 est
1064 550 1120 613 per
1144 530 1355 593 Benedictum
1389 533 1491 594 carni-

226 639 317 703 ficem
339 637 379 700 ad
403 649 477 700 octo
500 636 569 698 dies
592 650 719 718 recepta
743 636 782 697 ad
807 655 930 718 pacem.

332 744 409 805 Item
434 742 587 805 Clemens
603 755 691 805 sutor
707 756 817 804 contra
835 742 944 804 Sibich
961 742 1066 824 primo
1079 742 1193 805 citatus
1209 762 1275 804 non
1296 743 1487 825 comparuit.

332 849 409 911 Item
434 867 528 910 causa
553 847 702 930 Gregorii
724 867 835 909 voscar
858 861 889 910 et
917 848 1016 910 Marci
1041 849 1143 910 Putan
1168 862 1215 911 est
1238 867 1294 929 per
1318 848 1488 911 Marenum

226 955 266 1019 ad
290 969 364 1018 octo
389 954 458 1016 dies
480 967 606 1037 recepta
630 954 671 1016 ad
695 973 817 1037 pacem.

331 1060 410 1125 Item
444 1061 555 1123 Petrus
589 1061 706 1142 longus
748 1074 858 1122 contra
893 1058 1057 1121 Andream
1091 1060 1234 1123 secundo
1273 1061 1385 1123 citatus
1423 1080 1489 1123 non

227 1167 418 1250 comparuit.

331 1273 409 1334 ltem
434 1271 586 1334 Clemens
610 1285 719 1334 contra
743 1272 914 1334 Nicolaum
938 1273 1043 1355 primo
1068 1273 1181 1336 citatus
1206 1292 1270 1335 non
1298 1273 1488 1355 comparuit.

329 1379 408 1440 ltem
429 1397 523 1440 causa
548 1377 707 1440 lanchech
732 1392 763 1440 et
785 1377 953 1441 Elizabeth
978 1391 1024 1439 est
1051 1397 1108 1460 per
1132 1377 1310 1460 Georgium
1334 1393 1488 1441 sartorem

224 1499 257 1549 et
279 1485 461 1548 lohannem
485 1484 525 1546 ad
549 1497 622 1547 octo
647 1484 863 1568 diesrecepta
886 1484 927 1545 ad
950 1504 1074 1568 pacem.

329 1592 407 1654 ltem
432 1611 526 1653 causa
549 1590 674 1653 Nicolai
699 1589 757 1652 filii
779 1589 912 1669 Odolas‚
936 1589 1092 1652 lohannis
1109 1589 1273 1652 Chemerii
1297 1604 1328 1652 et
1342 1590 1486 1653 Brumen

224 1711 271 1760 est
294 1718 351 1781 per
374 1696 559 1780 judicesad
583 1711 656 1760 octo
673 1696 741 1758 dies
764 1709 953 1780 prorogata3
978 1696 1018 1759 de
1048 1696 1215 1778 vituperiis
1230 1709 1337 1759 autem
1362 1696 1486 1778 justicia

224 1801 277 1865 fiet
301 1802 333 1865 in
356 1802 529 1886 premissis.

329 1908 408 1971 ltem
431 1907 613 1991 Stephanus
629 1908 775 1971 Pundich
799 1922 913 1970 octavo
936 1907 989 1971 die
1005 1920 1116 1970 contra
1139 1908 1313 1971 Martinum
1330 1927 1363 1969 se
1381 1921 1487 1969 sextus

222 2012 439 2095 juramentum
471 2015 634 2098 deponere
666 2015 762 2079 debet
796 2034 891 2097 super
929 2014 1173 2096 quadringentis
1201 2014 1348 2092 florenis;
1383 2015 1485 2097 ipsam

221 2133 329 2184 autem
354 2140 481 2184 causam
506 2120 667 2203 predictus
692 2121 848 2183 Martinus
871 2121 911 2183 ad
936 2121 1088 2203 antiquos
1110 2120 1233 2202 judices
1255 2121 1440 2204 appellavit.

326 2226 404 2289 ltem
429 2226 582 2288 Nicolaus
605 2227 817 2289 Zrebernicha
840 2241 955 2289 octavo
980 2227 1032 2289 die
1056 2246 1112 2309 per
1135 2226 1312 2309 plebanum
1335 2227 1376 2289 de
1399 2226 1484 2307 Vgra

222 2343 254 2394 et
277 2331 384 2394 Mnthe
408 2332 555 2395 atestabit
588 2352 683 2415 super
715 2352 765 2411 eo,
797 2333 885 2414 quod
910 2333 977 2415 ipse
1000 2352 1074 2394 cum
1106 2332 1285 2395 Laurentio
1309 2332 1419 2395 villico
1443 2333 1484 2395 de

222 2439 305 2502 dicta
330 2440 416 2522 Vgra
439 2439 674 2503 concordasset.

327 2545 404 2608 ltem
436 2546 627 2608 Valentinus
658 2560 767 2610 contra
799 2547 970 2610 Nicolaum
995 2546 1119 2609 Odolas
1150 2546 1255 2629 primo
1279 2546 1394 2608 citatus
1416 2565 1482 2609 non

221 2651 409 2733 comparuit.

327 2756 406 2820 Item
430 2759 569 2820 lacobus
594 2758 719 2841 Cupich
744 2759 785 2821 ad
815 2758 1003 2821 mandatum
1027 2758 1143 2840 judicis
1167 2770 1276 2819 contra
1301 2756 1483 2819 iohannem

220 2860 323 2925 filium
349 2863 433 2927 Petri
457 2883 523 2925 non
547 2865 733 2947 comparuit.
1170 2858 1176 2864 ’

325 2968 404 3032 ltem
428 2969 582 3031 Nicolaus
606 2984 636 3032 et
660 2970 860 3052 Margaretha
877 2969 1036 3052 quidquid
1053 2968 1238 3051 quesierunt
1261 2987 1356 3051 super
1373 2967 1481 3031 Mathe

220 3073 377 3137 decanum
402 3076 434 3136 in
459 3075 611 3138 omnibus
633 3097 667 3138 se
691 3090 801 3139 contra
828 3076 914 3158 ipsos
938 3075 1108 3159 expedivit.
1560 3067 1562 3072 ’

325 3180 403 3243 ltern
429 3181 505 3243 luan
537 3182 702 3264 proximus
726 3182 868 3244 Barberii
892 3181 1032 3264 judicem
1064 3195 1095 3244 et
1126 3180 1246 3263 iuratos
1277 3199 1380 3261 usque
1412 3179 1481 3242 dies

219 3299 293 3349 octo
315 3287 442 3370 placare
467 3287 572 3367 debet,
596 3288 742 3370 alioquin
765 3287 923 3369 justiciam
947 3286 1101 3350 faciemus
1128 3287 1167 3348 de
1192 3286 1318 3348 eodem.

323 3541 469 3615 sabbato
496 3546 648 3633 proximo
677 3551 755 3616 ante
783 3544 905 3615 festum
938 3543 1027 3615 beati
1057 3539 1187 3614 Andree
1215 3543 1394 3631 apostoli·

708 3711 776 3794 (29.
799 3711 985 3793 novembris.)

630 3874 720 3934 Actus
739 3875 866 3948 judicum
887 3875 1078 3947 antiquorum.

324 4012 433 4074 Primo
457 4033 550 4076 causa
567 4014 710 4096 magistri
729 4012 862 4095 Georgii
885 4013 1015 4075 sartoris
1032 4025 1062 4073 et
1087 4011 1246 4093 Gregorii,
1271 4012 1327 4093 qui
1349 4032 1381 4073 se
1397 4013 1480 4094 gerit

217 4117 400 4200 proximum
425 4120 562 4182 condam
587 4121 715 4183 Martini
741 4121 870 4199 Katiuo‚
894 4121 926 4182 in
947 4119 1127 4201 juramento
1158 4138 1252 4181 cause
1275 4119 1399 4199 Regine
1431 4139 1478 4180 re-

218 4223 291 4286 licte
312 4224 450 4287 condam
475 4225 595 4288 Paulek
620 4246 677 4308 pro
702 4225 785 4290 lacto
818 4226 973 4309 premisso
997 4224 1199 4307 juramentali
1231 4223 1330 4306 ipsius
1354 4223 1478 4305 Regine

218 4349 315 4412 quam
339 4331 379 4392 ad
411 4332 562 4413 antiquos
590 4331 711 4414 judices
748 4333 1005 4414 appellaverant,
1029 4330 1166 4392 eandem
1190 4347 1318 4391 causam
1341 4328 1476 4410 predicti

217 4435 341 4518 antiqui
365 4435 486 4518 judices
510 4438 686 4500 secundum
711 4437 988 4519 adjudicacionem
1009 4434 1125 4517 judicis
1148 4447 1179 4495 et
1201 4433 1377 4515 juratorum
1402 4452 1477 4494 con·

217 4539 393 4604 firmarunt.
419 4542 600 4605 Predictum
624 4543 840 4623 juramentum
861 4542 938 4604 feria
961 4557 1048 4603 sexta
1064 4560 1149 4602 nunc
1173 4539 1317 4622 proxime
1342 4537 1477 4600 affutura

217 4647 359 4730 predicta
383 4649 514 4711 domina
538 4650 663 4730 Regina
688 4649 850 4731 deponere
874 4648 1004 4710 debebit
1027 4661 1135 4709 contra
1169 4644 1301 4708 eosdem
1325 4644 1358 4705 in
1382 4645 1477 4706 rebus

122 4818 125 4823 ,
217 4755 401 4836 prenotatis.
