3472 5234
627 304 827 384 Anno1378.
850 340 892 350 -
915 317 966 382 27.
989 308 1104 381 aprilis

346 520 424 584 Item
450 520 527 581 Iuan
552 518 703 581 Zirothke
727 537 784 600 per
808 517 1009 599 Stephanum
1033 518 1186 580 Crisoalai
1210 531 1242 581 et
1263 517 1427 580 Andream
1445 517 1502 580 Sib

243 642 353 690 contra
377 626 550 688 Nicolaum
573 625 700 687 Crisani
731 636 805 706 post
834 643 929 686 suum
960 623 1136 686 adventum
1158 624 1265 706 primo
1297 623 1418 706 judicio
1442 637 1508 685 ate·

241 734 337 796 stabit
360 734 394 795 In
418 752 468 810 en,
492 730 580 813 quod
606 731 668 792 sibi
691 731 836 811 quinque
870 749 994 791 marcas
1017 729 1223 793 denariorum
1247 730 1463 813 persolvisset.

348 839 426 900 Item
460 837 620 918 Georgius
653 856 762 899 comes
793 833 871 898 feria
903 835 1001 897 tercia
1033 835 1152 916 jurabit
1182 836 1214 898 iu
1244 855 1295 916 eo,
1326 836 1416 918 quod
1440 837 1508 918 lpse

240 945 408 1027 quendam
433 962 570 1026 puerum
593 943 751 1004 violenter
774 961 840 1003 non
865 942 1043 1023 recepisset.

350 1072 427 1133 Item
453 1068 600 1152 Mychael
626 1067 775 1129 Damiani
792 1067 945 1149 magistro
966 1066 1067 1127 Paulo
1084 1085 1187 1148 usqne
1210 1066 1280 1128 dies
1304 1080 1378 1128 octo
1394 1065 1508 1128 fimum

245 1196 340 1240 suum
357 1179 480 1238 bonum
505 1174 579 1237 dare
597 1174 704 1252 debet,
729 1186 760 1235 et
775 1172 928 1234 remansit
945 1172 976 1232 in
990 1172 1019 1232 X
1036 1172 1151 1234 marcis
1174 1171 1380 1234 denariorum
1398 1186 1509 1235 contra

245 1283 521 1346 communitatem.

353 1389 431 1450 Item
456 1386 657 1469 Margaretha
682 1385 799 1447 mulier
826 1383 904 1445 feria
926 1384 1024 1445 tercia
1055 1383 1173 1463 jurabit
1194 1384 1226 1445 in
1252 1403 1302 1464 eo,
1326 1385 1416 1467 quod
1440 1385 1508 1467 ipsa

243 1496 304 1557 sibi
328 1495 431 1575 ipsam
448 1494 575 1554 vineam
601 1511 707 1554 emere
724 1490 821 1551 vellet
844 1504 875 1551 et
898 1490 979 1551 nulli
997 1490 1051 1551 alii
1066 1509 1126 1572 pro
1142 1509 1200 1551 sua
1212 1491 1341 1572 propria
1359 1491 1507 1573 pecunia.

350 1600 430 1662 Item
454 1598 589 1680 Bogdan
613 1611 723 1659 contra
741 1596 956 1659 Laurencium
979 1596 1084 1678 primo
1101 1595 1222 1676 judicio
1246 1596 1463 1679 respondebit.

352 1705 430 1766 Item
464 1702 645 1785 Stephanus
677 1701 766 1763 faber
797 1714 906 1763 contra
938 1702 1048 1763 Alsam
1072 1699 1150 1763 feria
1182 1703 1278 1763 tercia
1309 1702 1426 1784 jurabit
1448 1721 1509 1784 pro

244 1831 310 1872 una
337 1829 442 1871 marca
467 1822 498 1871 et
521 1822 607 1871 extra
630 1809 748 1890 pIgnus
771 1807 870 1888 ipsius
894 1806 1071 1869 EIIzabeth.

351 1916 429 1977 Item
453 1915 538 1976 Iwan
562 1912 713 1976 Zirothke
740 1913 889 1996 Philippo
921 1911 989 1974 filio
1013 1911 1091 1974 fisici
1123 1932 1214 1974 suam
1237 1914 1426 1995 porcionem
1451 1914 1509 1975 do·

244 2040 384 2100 morum,
410 2022 500 2083 uxori
524 2039 580 2080 sue
597 2019 851 2102 provenientem,
868 2017 1142 2100 quandocumque
1159 2018 1298 2080 voluerit
1322 2031 1409 2080 extra
1433 2019 1509 2080 dare

244 2126 376 2189 debebit
399 2128 468 2188 sine
490 2125 761 2187 contradIccione.

351 2234 429 2295 Item
455 2233 615 2312 Georgius
639 2246 749 2294 contra
766 2231 947 2293 Iohannem
972 2231 1077 2312 primo
1102 2229 1222 2312 juditio
1246 2230 1464 2312 respondebit.

351 2358 429 2419 Item
454 2358 530 2439 quia
555 2356 729 2438 Dyonisius
761 2368 871 2417 contra
903 2354 1078 2437 Martmum
1102 2354 1143 2416 ad
1167 2354 1383 2436 juramentum
1409 2355 1510 2437 depo·

244 2464 388 2525 nendum
412 2478 448 2524 ut
472 2462 634 2523 debuisset
658 2480 722 2522 non
756 2461 843 2522 venit
874 2479 980 2541 neque
1012 2461 1109 2539 misit,
1134 2478 1210 2542 ergo
1242 2461 1282 2522 de
1307 2474 1413 2523 cetero
1437 2461 1509 2523 ubi·
1591 2469 1594 2474 ’

244 2589 384 2651 cumque
409 2570 441 2630 in
466 2568 583 2630 nostris
610 2567 729 2628 tenutis
758 2566 968 2647 reprehensus
992 2564 1098 2643 luerit,
1129 2566 1308 2650 secundum
1340 2578 1510 2628 consvetu-

244 2676 354 2738 dinem
379 2675 515 2737 clvitatis
538 2672 680 2735 vindicta
704 2672 744 2734 de
768 2673 838 2754 ipso
861 2685 1071 2753 sumpmatur.

350 2800 429 2860 Item
453 2798 607 2860 Nicolaua
631 2796 715 2858 filius
739 2796 866 2858 Nicolai
890 2795 1026 2857 Radeno
1050 2815 1109 2857 suo
1133 2796 1332 2858 mercenario
1358 2797 1390 2858 in
1416 2797 1511 2878 quln-

243 2905 336 2968 denis
358 2919 483 2988 septem
506 2924 622 2986 pensas
646 2903 853 2964 denariorum
878 2922 936 2983 pro
961 2901 1101 2983 quadam
1124 2922 1220 2964 vacca
1243 2904 1415 2985 persolvet.

350 3028 428 3090 Item
454 3027 540 3088 idem
565 3027 719 3089 NIcolaus
742 3026 848 3087 eidem
872 3024 1007 3087 Radeno
1024 3041 1146 3106 septem
1172 3039 1204 3088 et
1226 3026 1370 3088 mediam
1395 3047 1511 3110 pensas

248 3134 409 3215 persolvet
433 3133 579 3193 similiter
604 3133 635 3193 in
660 3132 843 3214 quindenis.

350 3239 428 3299 Item
454 3238 650 3299 Wlkouicha
682 3250 790 3298 contra
816 3237 995 3299 Iohannem
1026 3237 1168 3299 secundo
1197 3238 1291 3300 citata
1321 3256 1387 3299 non
1422 3256 1510 3298 com-

245 3343 360 3423 paruit.

351 3449 429 3510 Item
454 3447 571 3531 Gyuan
596 3449 762 3510 Anthonio
781 3449 883 3509 RenIz
907 3462 980 3510 octo
999 3448 1068 3511 flor.
1087 3449 1119 3510 iu
1144 3449 1318 3530 quindenis
1336 3449 1510 3531 persolvet.

299 3682 395 3756 lesia
422 3688 529 3755 tercia
565 3688 720 3774 proxima
748 3694 823 3775 post
850 3685 972 3756 festum
1005 3685 1095 3756 beati
1124 3685 1254 3774 Georgii
1292 3688 1457 3758 martiris.

772 3841 835 3917 (27.
860 3840 987 3916 aprilis).

352 3976 461 4037 PrImo
485 3978 549 4039 Res
573 3992 683 4039 contra
708 3979 873 4041 Geninum
898 3979 1036 4058 juratum
1060 3979 1166 4061 prImo
1194 3980 1307 4040 citatus
1331 3998 1396 4040 non
1420 3999 1509 4041 com·

246 4096 361 4162 paruit.

352 4187 430 4248 Item
454 4188 629 4250 BudIzlaus
653 4204 761 4251 contra
786 4190 900 4251 Paulas
921 4190 1025 4271 primo
1049 4189 1163 4251 citatus
1186 4210 1252 4251 non
1274 4193 1465 4273 comparuit.

354 4292 431 4354 Item
456 4294 639 4356 Alexander
655 4309 765 4356 contra
783 4295 961 4356 Iohannem
979 4295 1084 4375 primo
1101 4296 1214 4356 citatus
1236 4316 1301 4357 non
1319 4298 1511 4379 comparuit.

352 4415 430 4476 Item
454 4417 599 4478 Iaklinus
623 4418 749 4499 ensipar
773 4432 882 4479 contra
907 4417 1086 4499 Georgium
1115 4416 1242 4480 labrum
1266 4420 1371 4501 primo
1396 4421 1512 4483 citatus

247 4538 313 4580 non
337 4523 528 4603 comparuit.

353 4626 430 4688 Item
465 4628 645 4710 Stephanus
675 4628 834 4709 joculator
864 4642 974 4689 contra
1005 4629 1136 4691 luanam
1168 4630 1273 4710 prImo
1306 4631 1421 4692 citatus
1443 4649 1512 4693 non

248 4733 439 4813 comparuit.
