3472 5234
629 292 715 348 Anno
737 285 830 366 1382.
853 323 897 333 -
919 303 969 350 21.
985 291 1148 365 februarii.

420 524 517 600 Faria
545 535 643 599 sexta
670 528 824 615 proxima
852 533 930 598 ante
958 524 1158 597 dominicam
1186 526 1370 599 Invoaavit.

768 679 831 752 (21.
854 675 1032 753 februarii).

367 821 446 883 Item
480 819 656 902 Gregorius
687 819 783 881 frater
816 819 969 880 Damiani
1001 832 1112 880 contra
1142 819 1314 880 Nicolaum
1347 818 1529 881 carnificem

261 927 367 1009 primo
391 927 505 989 citatus
529 946 595 987 non
620 925 809 1007 comparuit.

369 1032 448 1094 Item
473 1031 559 1093 idem
585 1031 763 1092 Damianos
786 1043 896 1092 contra
919 1029 1059 1091 eundem
1089 1029 1261 1090 Nicolaum
1285 1031 1390 1113 primo
1415 1031 1529 1094 citatus

263 1159 328 1201 non
354 1139 545 1221 comparuit.

368 1243 445 1305 Item
471 1243 609 1305 lacobus
632 1244 760 1305 institor
783 1256 893 1304 contra
921 1242 1051 1303 Petrum
1075 1241 1181 1324 primo
1212 1242 1326 1304 citatus
1349 1263 1415 1305 non
1440 1262 1528 1306 com·

261 1349 379 1431 paruit.

368 1455 445 1516 Item
457 1454 564 1516 Lachk
574 1454 740 1538 Borchych
754 1467 863 1516 contra
874 1453 1002 1514 Petrum
1013 1452 1117 1534 primo
1131 1453 1244 1515 citatus
1257 1472 1322 1515 non
1336 1455 1526 1536 comparuit.

368 1561 446 1622 Item
469 1561 577 1621 Endre
602 1559 741 1621 carnifex
766 1572 877 1621 contra
899 1557 1035 1620 Paulum
1068 1556 1248 1619 carnificem
1272 1558 1378 1639 primo
1412 1560 1527 1621 citatus

262 1685 327 1727 non
353 1666 544 1747 comparuit.

370 1771 448 1833 Item
466 1773 549 1833 Rees
565 1785 675 1834 contra
693 1770 873 1832 Johannem
890 1770 988 1831 Liber
1000 1769 1105 1851 primo
1123 1769 1236 1831 citatus
1252 1789 1318 1832 non
1335 1771 1526 1853 comparuit.

367 1875 468 1938 Nota!
493 1877 582 1958 quod
613 1877 805 1939 Dominicus
834 1877 939 1959 pictor
971 1874 1116 1937 Gallicus
1147 1877 1366 1958 possessiones
1396 1897 1470 1940 suaa
1494 1880 1525 1940 in

260 1997 368 2044 nostra
393 1982 520 2045 civitate
549 1982 682 2061 habitas,
714 1982 837 2044 tamdiu
869 2000 1039 2064 quousque
1068 1982 1136 2063 ipse
1161 1982 1351 2044 Dominicus
1383 1983 1525 2046 Radollo

260 2087 464 2149 stachunario
487 2088 616 2169 triginta
641 2108 694 2149 sex
711 2107 843 2166 marcas,
868 2088 985 2170 quibus
1001 2088 1068 2169 ipse
1093 2087 1283 2150 Dominicus
1307 2089 1450 2152 Radolfo
1467 2090 1521 2151 de·

262 2195 346 2256 bitor
371 2208 426 2271 est,
451 2195 651 2276 persolverit,
675 2194 797 2256 nemini
821 2193 960 2256 vendere
981 2194 1082 2276 possit
1106 2194 1156 2255 vel
1188 2194 1404 2276 impignorare,
1429 2210 1526 2279 prout

260 2300 327 2382 ipse
351 2300 543 2362 Dominicus
566 2313 679 2382 sponte
704 2300 885 2382 assumpsit.

365 2404 443 2466 Item
467 2405 611 2466 lwchech
642 2403 783 2467 carnifex
814 2418 924 2467 contra
956 2404 1156 2486 Stephanum
1198 2406 1386 2488 selliparum
1418 2408 1524 2490 primo

259 2511 372 2572 citatus
397 2530 462 2573 non
490 2511 680 2594 comparuit.

365 2616 443 2678 Item
460 2616 641 2699 Stephanus
664 2615 804 2678 famulus
827 2615 1007 2698 judicisper
1025 2616 1161 2678 Paulum
1177 2636 1362 2699 preconem,
1389 2618 1523 2701 Stepha-

259 2742 336 2783 num
361 2721 464 2784 filium
481 2723 570 2784 Wok
595 2737 626 2784 et
642 2723 850 2784 Dominicum
866 2722 1064 2804 penesticum
1082 2735 1197 2784 octavo
1221 2722 1273 2784 die
1296 2722 1357 2785 hoc
1374 2726 1525 2787 atestabit

258 2829 347 2910 quod
364 2829 527 2891 lohannes
551 2829 676 2891 Sanilar
691 2843 836 2911 tempore
853 2843 971 2911 nuptus
991 2829 1051 2890 tria
1079 2829 1259 2911 pulvinaria
1275 2827 1360 2912 (sibi)
1389 2830 1522 2895 dederit.

364 2933 443 2996 Item
468 2934 630 2996 lohannes
654 2934 793 2997 Chemer
818 2947 927 2996 contra
952 2934 1037 3016 Span
1068 2934 1174 3016 primo
1199 2934 1312 2995 citatus
1338 2954 1406 2996 non
1435 2955 1522 2998 com·

258 3040 371 3121 paruit.

365 3145 443 3207 Item
476 3145 651 3226 Gregorius
681 3145 802 3225 juratus
832 3158 864 3207 et
895 3144 1009 3206 Paulas
1040 3157 1151 3206 contra
1181 3144 1353 3207 Nicolaum
1383 3145 1522 3226 juratum

257 3262 371 3311 octavo
396 3250 447 3313 dia
472 3251 721 3332 respondebunt.

360 3354 438 3416 Item
471 3355 630 3436 Georgius
654 3355 893 3416 molendinator
923 3370 1031 3417 contra
1063 3357 1192 3418 Petrum
1223 3357 1519 3420 molendinatorem

256 3461 362 3541 primo
390 3462 502 3522 citatus
522 3480 587 3522 non
612 3462 800 3542 comparuit.

364 3564 441 3627 Item
467 3566 556 3626 Hans
581 3564 658 3627 Scol
685 3579 795 3627 contra
821 3565 1013 3646 Gregorium
1037 3568 1155 3648 Angeli
1179 3568 1283 3649 primo
1315 3567 1431 3629 citatus
1455 3587 1522 3630 non

258 3671 447 3752 comparuit.

363 3776 442 3838 Item
477 3777 629 3838 Nicolaus
664 3775 748 3838 filius
783 3778 908 3841 Crisani
944 3792 1053 3840 contra
1084 3777 1264 3839 Johannem
1299 3778 1404 3840 filiurn
1436 3779 1520 3841 Petri

256 3882 361 3963 primo
386 3883 500 3944 citatus
524 3903 589 3944 non
613 3885 802 3965 comparuit.

362 3988 441 4049 Item
465 3987 649 4050 Anthonius
673 3990 772 4051 Remis
804 4005 913 4052 contra
946 3989 1145 4072 Stephanum
1169 3992 1235 4052 Rez
1267 3991 1373 4073 primo
1407 3991 1521 4054 citatus

256 4112 322 4154 non
346 4094 536 4175 comparuit.

361 4198 439 4259 Item
476 4200 558 4260 Rees
593 4213 702 4260 contra
734 4199 906 4260 Nicolaum
941 4199 1135 4282 Zdalchalep
1167 4201 1271 4283 primo
1303 4202 1418 4264 citatus
1454 4221 1519 4264 non

257 4305 446 4386 comparuit.

364 4409 442 4470 Item
476 4411 627 4472 Hernicus
657 4409 788 4492 pellifex
820 4425 930 4473 contra
955 4411 1110 4473 iacobum
1142 4411 1313 4494 pellificem
1346 4412 1452 4494 primo
1476 4414 1519 4475 ci·

256 4525 339 4574 tatus
363 4534 428 4576 non
453 4516 642 4597 comparuit.

362 4619 440 4680 Item
464 4639 558 4681 causa
590 4620 798 4703 Dragchycha
830 4621 974 4683 mulieris
1001 4635 1112 4684 contra
1139 4621 1270 4685 Petrum
1301 4623 1341 4685 ad
1368 4637 1518 4687 octavum

256 4720 341 4783 diem
366 4723 405 4783 ad
429 4743 540 4806 pacem
565 4739 611 4786 est
634 4739 770 4808 recepta.
