3472 5234
511 1331 661 1431 (Anno
691 1325 872 1420 Domini
900 1322 1274 1423 MCCCLIIIIIIVIII.

249 1712 345 1788 Feria
373 1721 472 1787 sexta
496 1715 651 1803 proxima
679 1717 756 1801 post
783 1711 906 1783 festum
935 1708 1169 1780 decollacionis
1197 1706 1308 1776 sancti
1337 1704 1513 1795 johannis.

757 1886 823 1959 (30.
847 1881 988 1957 augusti).

355 2044 433 2107 Item
450 2041 594 2125 (Iglich)a
618 2054 726 2104 contra
751 2041 836 2103 Iwan
861 2041 967 2123 primo
991 2040 1105 2102 citatus
1129 2058 1195 2100 nou
1219 2036 1409 2119 comparuit.

356 2151 435 2213 Item
464 2148 590 2211 Mikech
615 2162 725 2211 contra
754 2148 924 2210 dominum
948 2148 1078 2209 Petrum
1110 2144 1309 2207 sacerdotem
1342 2141 1515 2226 primori-

249 2270 333 2319 tatus
356 2275 423 2319 non
447 2255 636 2338 comparuit.

356 2363 511 2425 Item...
535 2375 645 2424 contra
670 2359 796 2422 Mikech
820 2360 926 2442 primo
951 2360 1065 2422 citatus
1089 2378 1154 2419 non
1180 2356 1369 2439 comparuit.

356 2468 434 2531 Item
459 2487 591 2530 consors
607 2467 698 2529 Pauli
723 2486 824 2548 usque
841 2465 1021 2548 quindenas
1038 2465 1166 2527 Mathee
1183 2464 1306 2526 decano
1330 2482 1384 2525 sex
1400 2480 1516 2543 pensas

252 2589 283 2638 et
306 2575 468 2656 sexaginta
493 2574 643 2636 denarios
665 2573 790 2635 solvere
814 2572 921 2635 debet.

355 2681 434 2743 Item
459 2680 621 2743 Iohannes
644 2694 753 2742 contra
779 2679 990 2741 Benedictum
1021 2678 1313 2741 molendinatorem
1337 2675 1442 2758 primo
1473 2674 1516 2736 ci·

154 2859 157 2866 .
250 2800 334 2851 tatus
358 2806 423 2850 non
448 2787 636 2869 comparuit.

358 2893 435 2956 Item
454 2893 590 2955 Michael
609 2891 837 2954 Stachunarich
854 2905 964 2953 contra
982 2890 1177 2972 Gregorium
1192 2888 1390 2952 aurifabrum
1407 2888 1514 2970 primo

253 2999 366 3062 citatus
388 3019 453 3061 non
479 2998 669 3081 comparuit.

359 3105 436 3166 Item
462 3104 575 3166 Simon
599 3116 709 3164 contra
733 3102 935 3164 Anthonium
960 3103 1058 3165 Renis
1076 3103 1180 3185 primo
1200 3103 1313 3165 citatus
1338 3120 1402 3163 non
1428 3119 1516 3161 com·

253 3211 368 3292 paruit.

360 3315 438 3377 Item
459 3314 605 3375 Thomas
628 3328 717 3374 sutor
748 3327 857 3375 contra
889 3313 1081 3376 Michaelem
1113 3312 1310 3377 aurifabrum
1334 3314 1440 3397 primo
1473 3314 1517 3375 ci·

254 3434 337 3483 tatus
361 3440 427 3482 non
452 3420 642 3501 comparuit.

361 3526 438 3587 Item
468 3525 548 3585 Kele
573 3544 645 3585 cum
671 3526 894 3587 executoribus
910 3527 1089 3588 testamenti
1114 3527 1251 3589 condam
1271 3528 1400 3588 Andree
1424 3525 1518 3586 Hun-

254 3632 321 3712 gari
346 3632 398 3693 die
423 3630 587 3692 domiuico
612 3630 772 3692 racionem
797 3632 878 3693 inter
901 3653 933 3693 se
959 3631 1062 3694 facere
1086 3634 1213 3697 debent.

361 3737 439 3797 Item
470 3734 629 3816 Georgius
653 3734 736 3797 filius
761 3738 847 3798 Kusa
881 3752 993 3800 octavo
1018 3738 1069 3801 die
1095 3739 1182 3800 solus
1206 3758 1302 3821 super
1325 3758 1364 3800 eo
1389 3738 1518 3818 jurabit,

257 3843 344 3922 quod
371 3860 475 3921 neque
500 3840 566 3922 ipse
598 3859 703 3922 neque
730 3843 778 3904 sui
811 3842 985 3905 familiares
1016 3843 1155 3906 famulos
1188 3844 1335 3926 Gregorii
1362 3844 1519 3927 voschyar

256 3946 493 4029 percussissent.

364 4051 441 4112 Item
468 4053 577 4114 relicta
602 4055 747 4136 Dragech
772 4069 881 4117 contra
907 4056 1045 4117 eundern
1076 4055 1271 4139 Gregorium
1292 4060 1397 4142 primo
1423 4060 1519 4121 citata

257 4175 322 4216 non
347 4159 536 4238 comparuit.

364 4262 442 4324 Item
466 4263 582 4345 Iglicha
607 4280 717 4328 contra
742 4266 873 4329 Gallum
898 4267 1003 4349 prImo
1027 4268 1139 4330 citatus
1163 4289 1228 4331 non
1253 4273 1442 4354 comparuit.

365 4368 442 4431 Item
468 4370 572 4452 Cigan
596 4386 705 4433 contra
730 4373 931 4435 Radozlaum
964 4374 1069 4455 primo
1102 4375 1214 4437 citatus
1238 4398 1303 4439 non
1329 4378 1519 4460 comparuit.

364 4473 443 4536 Item
468 4474 642 4557 Gregorius
666 4492 697 4539 et
720 4479 873 4540 Nicolaus
902 4480 1040 4540 condam
1072 4482 1234 4543 castellani
1260 4484 1299 4544 de
1325 4484 1406 4546 OzeI
1432 4484 1520 4546 iuxta

259 4591 400 4640 nostram
430 4580 630 4661 judiciariam
662 4585 923 4645 commissionem
956 4599 986 4646 et
1024 4601 1119 4668 prout
1155 4588 1253 4650 iidem
1284 4606 1521 4671 assumpserant

259 4696 370 4744 contra
395 4686 524 4747 Petrum
541 4686 669 4749 fratrem
688 4687 836 4769 Gregorii
854 4690 885 4750 In
909 4690 1015 4771 primo
1032 4691 1152 4770 judicio
1170 4714 1236 4756 non
1258 4708 1520 4777 comparuerunt.
