3472 5234
626 275 712 331 Anno
735 283 823 350 1375.
849 308 889 317 —
914 288 961 333 11.
985 275 1065 334 maii.

320 485 398 546 Item
421 482 605 545 Anthonius
629 496 717 544 sutor
741 496 851 544 contra
875 481 1023 545 Gozkam
1040 483 1144 566 primo
1169 484 1283 546 citatus
1307 502 1372 545 non
1389 504 1475 546 com-

214 592 329 674 paruit.

320 698 399 761 Item
431 717 524 758 causa
558 696 655 758 Blasii
687 708 718 757 et
742 695 867 757 Nicolai
900 708 947 757 est
978 715 1034 776 per
1057 695 1136 757 Wlk
1169 708 1200 758 et
1229 696 1406 758 Francham
1436 697 1476 758 ad

215 817 288 866 octo
313 804 381 866 dies
405 815 532 885 recepta
556 801 596 863 ad
620 822 744 884 pacem.

321 911 399 972 Item
424 909 580 972 Martinus
602 921 711 971 contra
737 907 936 990 Stephanum
961 921 1074 970 octavo
1099 907 1152 970 die
1175 909 1393 990 respondebit.

322 1017 399 1079 Item
424 1036 517 1077 causa
542 1016 671 1105 Martini
696 1029 727 1076 et
751 1015 877 1077 Nicolai
900 1029 947 1076 est
970 1035 1025 1097 per
1050 1015 1179 1076 Petrum
1205 1014 1316 1076 Touth
1339 1015 1379 1076 ad
1404 1029 1477 1076 octo

215 1123 283 1185 dies
307 1135 433 1204 recepta
457 1120 498 1182 ad
522 1141 644 1203 pacem.

321 1229 398 1290 Item
424 1225 533 1289 Sibich
562 1239 671 1289 contra
703 1226 889 1308 Dragonam
923 1227 1027 1309 prImo
1059 1227 1173 1288 citatus
1197 1246 1262 1288 non
1287 1227 1477 1309 comparuit.

318 1334 396 1395 Item
421 1332 606 1394 Hermartin
631 1345 740 1394 contra
765 1331 907 1393 Blasium
930 1333 1035 1413 primo
1060 1332 1173 1393 citatus
1197 1350 1261 1393 non
1287 1332 1477 1413 comparuit.

320 1439 397 1500 Item
421 1437 593 1500 Chuethko
610 1450 720 1498 contra
734 1435 938 1499 Clementem
952 1439 1057 1519 primo
1075 1438 1188 1499 citatus
1205 1457 1268 1499 non
1287 1438 1477 1519 comparuit.

320 1544 398 1605 Item
419 1543 531 1604 Petrus
554 1543 701 1605 atestavit
725 1562 781 1624 per
804 1542 951 1603 Maritum
977 1542 1223 1621 Gemzinouich,
1252 1542 1385 1604 luanum
1412 1543 1477 1603 Ku-

217 1649 385 1711 kauichich
410 1663 441 1710 et
464 1647 645 1710 Iohannem
667 1668 763 1730 super
786 1648 885 1709 domo
913 1647 1078 1728 quondam
1103 1647 1275 1709 Benkonis.

321 1754 399 1817 Item
424 1754 584 1835 Georgius
620 1752 705 1815 filius
730 1752 882 1836 Stephani
915 1765 1024 1814 contra
1050 1752 1227 1833 Georgium
1260 1753 1403 1814 secundo
1433 1754 1476 1815 ci·

215 1874 299 1922 tatus
323 1881 389 1923 non
414 1861 604 1942 comparuit.

321 1967 399 2029 Item
424 1967 533 2028 relicta
557 1965 710 2047 Stephani
742 1966 853 2026 Bozou
882 1978 992 2027 contra
1026 1964 1229 2026 Anthonium
1254 1965 1359 2046 primo
1384 1965 1478 2027 citata

216 2093 281 2136 non
305 2073 497 2155 comparuit.

320 2179 398 2240 Item
423 2177 531 2239 relicta
557 2175 703 2257 Gregorii
730 2174 882 2238 aurifabri
901 2190 1010 2237 contra
1035 2175 1236 2239 Anthonium
1259 2178 1365 2259 primo
1383 2178 1478 2260 citata

215 2304 281 2347 nou
303 2283 492 2366 comparuit.

276 2462 280 2468 .
320 2389 399 2451 Item
420 2388 569 2451 Ozimich
590 2401 699 2450 contra
718 2386 892 2450 Martiuum
909 2400 1023 2449 octavo
1047 2386 1098 2447 die
1122 2407 1155 2448 se
1179 2388 1338 2450 secundus
1361 2387 1479 2470 jurabit

225 2509 356 2578 propter
381 2493 499 2576 fruges,
523 2493 611 2575 quod
634 2493 707 2576 plus
731 2512 796 2555 uon
821 2493 948 2554 emisset
971 2492 1032 2554 nisi
1056 2492 1138 2554 duos
1161 2494 1297 2556 cubulos
1314 2494 1477 2556 frumenti.

246 2580 249 2584 Δ
320 2602 398 2663 Item
433 2599 616 2662 Anthonius
640 2599 743 2661 Reuiz
775 2612 885 2661 contra
921 2598 1077 2660 Iacobum
1113 2597 1252 2678 juratum
1276 2614 1390 2662 octavo
1424 2600 1476 2661 die

214 2707 431 2790 respondebit.

319 2813 398 2876 Item
423 2816 516 2873 Anna
541 2831 679 2874 noverca
705 2813 795 2874 Marlr
816 2811 920 2894 jurati,
944 2823 1016 2893 post
1048 2809 1223 2873 adventurn
1256 2813 1399 2893 magistri
1424 2813 1477 2875 Jo-

214 2919 328 2981 hannis
349 2918 455 3000 Crispi
480 2917 518 2978 de
536 2917 638 2996 Buda,
661 2918 767 2999 primo
788 2917 910 2998 judicio
926 2917 995 2999 jura
1012 2937 1069 2979 sua
1085 2919 1253 2980 ostendere
1278 2917 1373 2980 debet
1389 2920 1477 3000 quod

214 3025 254 3087 sit
276 3025 400 3086 civissa.

321 3130 399 3190 Item
424 3128 495 3189 Elia
520 3126 681 3190 aurifaber
697 3142 806 3216 contra
823 3128 967 3192 Francha
991 3129 1188 3192 aurifabrum
1205 3130 1348 3192 secundo
1366 3131 1478 3192 citatus

216 3254 282 3296 non
307 3234 497 3315 comparuit.

321 3340 400 3401 Item
425 3339 496 3401 Elia
520 3338 680 3403 aurifaber
697 3354 806 3403 contra
823 3339 990 3402 dominam
1008 3340 1137 3404 Claram
1160 3342 1265 3424 primo
1283 3343 1395 3404 citatus
1411 3361 1477 3405 non

215 3444 406 3525 comparuit.

323 3548 401 3611 Item
426 3567 519 3609 causa
543 3548 672 3611 Andree
697 3564 728 3611 et
752 3550 875 3612 Mareni
912 3564 958 3613 est
982 3571 1038 3634 per
1069 3552 1249 3615 Iohannem
1274 3554 1413 3617 Chemer
1436 3555 1477 3619 ad

217 3666 290 3715 octo
314 3654 383 3715 dies
407 3668 532 3736 recepta
557 3654 597 3715 ad
620 3674 742 3737 pacem.

320 3759 397 3820 Item
412 3758 575 3821 Corardus
588 3775 698 3823 contra
708 3763 864 3824 Iacobum
877 3763 1049 3846 pellificem
1063 3779 1176 3827 octavo
1190 3765 1241 3826 die
1255 3768 1475 3849 respondebit.

320 3864 398 3926 Item
422 3864 567 3927 Thomas
584 3880 615 3928 et
640 3867 741 3930 Cursa
758 3882 868 3931 contra
892 3869 1031 3932 eundem
1048 3871 1205 3934 Iacobum
1229 3874 1372 3935 secundo
1389 3875 1475 3939 citati

214 3990 280 4032 non
305 3984 563 4053 comparuerunt.

320 4077 398 4138 Item
423 4076 524 4140 Cursa
541 4079 781 4141 molendinator
797 4094 907 4144 contra
931 4083 1096 4166 Filippum
1113 4085 1255 4146 secundo
1279 4087 1393 4148 citatus
1407 4106 1474 4149 non

215 4183 403 4264 comparuit.

321 4286 398 4349 Item
422 4288 606 4351 Anthonius
637 4304 725 4354 sutor
748 4313 805 4375 per
837 4294 942 4355 Ellam
974 4309 1005 4356 et
1029 4295 1262 4377 Margaretham
1288 4312 1396 4359 contra
1421 4300 1473 4360 Jo-

214 4390 354 4453 hannem
378 4408 491 4456 octavo
516 4395 567 4457 die
585 4398 806 4460 testimonium
831 4400 986 4482 producet
1002 4402 1090 4482 quod
1114 4403 1220 4483 ipsum
1237 4404 1472 4485 vituperaverit.

320 4498 399 4561 Item
430 4500 614 4563 Anthonius
644 4504 767 4567 Jursich
799 4519 908 4568 contra
941 4507 1104 4590 Filippum
1136 4521 1250 4571 octavo
1281 4510 1333 4572 die
1357 4510 1474 4591 jurabit
1512 4496 1515 4502 ¹

214 4604 302 4685 quod
326 4604 452 4667 nullum
476 4606 653 4689 dampnum
678 4611 738 4673 sibi
764 4611 922 4674 intulisset
945 4614 978 4675 in
995 4614 1082 4694 vino,
1106 4614 1358 4695 linteaminibus,
1382 4636 1471 4678 men·

214 4709 333 4772 salibus
358 4726 388 4773 et
411 4712 482 4775 aliis
505 4715 610 4779 rebus.
