3472 5234
1450 351 1510 411 355

696 434 935 441 .—————

352 536 430 598 Item
458 557 552 599 cauea
568 537 688 600 Vrbani
706 550 816 600 contra
833 538 990 621 Scitarigh
1007 539 1048 601 ad
1065 554 1214 602 octavum
1232 541 1318 602 diem
1335 541 1375 603 ad
1394 561 1510 624 pacem

246 656 294 705 est
317 655 453 725 recepta.

352 749 431 812 ltetn
456 750 594 812 Jacobus
622 749 752 832 pellifex
777 751 809 811 in
842 752 947 832 primo
979 752 1100 832 judicio
1124 766 1195 834 post
1228 752 1346 815 Pascha
1371 754 1402 815 id
1428 773 1510 835 quo·

246 855 345 918 modo
369 856 401 916 in
426 856 565 937 quadam
590 856 689 919 domo
713 871 961 920 commetaretur
985 859 1081 920 debet
1103 859 1282 921 ostendere.

332 962 430 1025 'ltem
463 982 556 1024 causa
583 962 720 1024 Dionisii
745 977 855 1026 contra
888 963 1072 1045 Mosnarigh
1103 964 1144 1026 ad
1179 980 1327 1027 octavum
1359 967 1445 1028 diem
1470 966 1510 1026 ad

246 1087 357 1150 pacem
384 1082 429 1130 est
453 1081 590 1150 recepta.

351 1173 430 1236 ltetn
447 1175 531 1236 Rees
554 1187 664 1236 contra
688 1175 792 1257 Remp
817 1175 960 1237 secundo
984 1175 1098 1238 citatus
1123 1196 1188 1238 non
1215 1178 1404 1259 comparuit.

352 1280 429 1342 ltem
455 1280 637 1363 Stephanus
662 1279 822 1342 Pecohleb
854 1281 976 1344 Jacobo
1001 1280 1080 1343 Bole
1112 1302 1213 1364 usque
1245 1282 1425 1364 quindenas
1450 1303 1507 1365 pro

245 1405 305 1447 suo
330 1387 489 1469 vituperio
514 1386 626 1448 decem
651 1405 773 1448 marcas
797 1386 1003 1448 denariorum
1029 1387 1153 1450 solvere
1179 1388 1283 1450 debet.

349 1493 429 1555 Item
464 1493 653 1556 Valentinus
690 1507 799 1554 contra
833 1493 994 1554 Matheiko
1027 1493 1183 1575 quasdam
1215 1495 1321 1556 literas
1354 1508 1384 1556 et
1416 1509 1508 1557 testa·

245 1612 388 1660 mentum
414 1612 528 1661 octavo
553 1598 604 1661 die
626 1598 804 1680 producere
829 1599 935 1662 debet.

352 1705 428 1768 Item
455 1704 542 1786 quod
576 1705 651 1786 quia
684 1707 785 1766 Lucas
817 1703 900 1766 lilius
934 1704 1070 1766 Munech
1105 1726 1200 1788 super
1233 1703 1316 1768 facto
1341 1707 1507 1767 cuiusdam

244 1811 337 1872 vinee
362 1824 392 1873 et
424 1811 552 1892 virgulti
585 1824 679 1873 testes
709 1810 853 1873 cllicaccs
885 1830 949 1872 non
980 1812 1084 1893 potuit
1116 1811 1304 1893 producere,
1338 1812 1411 1874 ideo
1436 1813 1503 1894 ipsa

244 1916 339 1978 vinea
364 1930 394 1979 et
419 1917 594 1998 virgultum
622 1916 794 1979 heredibus
825 1937 880 1978 seu
912 1917 1046 1999 posteris
1069 1917 1194 1980 Nicolai
1227 1916 1283 1978 filii
1309 1917 1433 1980 Crisani
1458 1934 1506 1978 est

244 2021 437 2105 adjudicata.

351 2127 428 2191 ltem
453 2129 564 2192 Petrus
589 2130 710 2191 Prunar
734 2142 848 2190 octavo
873 2128 925 2192 die
960 2130 1063 2211 primo
1092 2128 1123 2190 in
1155 2148 1206 2207 eo,
1230 2128 1317 2210 quod
1342 2129 1390 2190 sui
1415 2129 1505 2211 porci

242 2235 282 2296 de
307 2233 468 2297 frumento
493 2235 629 2297 Dionisii
654 2254 718 2297 non
743 2238 952 2298 comederunt
984 2249 1016 2296 et
1046 2234 1187 2296 secundo
1220 2254 1315 2316 super
1338 2254 1388 2314 eo,
1416 2235 1504 2316 quod

243 2354 400 2421 quantum
425 2341 511 2423 porci
538 2341 586 2402 sui
611 2355 686 2402 tunc
711 2341 864 2422 temporis
886 2341 1064 2418 valuerunt,
1089 2339 1150 2401 hoc
1174 2339 1275 2401 Orsus
1298 2341 1411 2402 solvat.

348 2447 426 2508 ltem
462 2446 624 2508 Johannes
660 2447 806 2530 Samlyar
841 2460 951 2508 contra
987 2447 1115 2508 Petrum
1155 2447 1255 2508 tercio
1292 2446 1406 2508 citatus
1438 2465 1503 2507 non

243 2552 433 2634 comparuit.

349 2658 425 2721 ltem
450 2658 603 2720 Nicolaus
620 2659 765 2738 Rogosar
785 2671 899 2720 octavo
924 2658 976 2719 die
992 2658 1092 2719 tercio
1116 2678 1149 2719 se
1175 2671 1284 2719 contra
1311 2656 1505 2739 Gregorium

243 2764 360 2846 Angeli
388 2764 514 2847 jurabit.

531 2984 712 3057 sabbatum
741 2992 819 3056 ante
848 2985 1048 3055 dominicam
1076 2973 1210 3058 letare.

349 3136 425 3197 ltem
443 3136 567 3217 antiqui
585 3135 706 3216 judices
731 3154 858 3197 causam
876 3133 1016 3196 filiorum
1034 3134 1189 3196 Hermani
1215 3148 1245 3196 et
1262 3135 1378 3217 Mykch
1396 3149 1505 3196 contra

242 3243 413 3305 Nicolaum
438 3242 540 3304 lilium
559 3243 642 3303 Petri
668 3262 723 3323 per
739 3241 860 3322 juratos
876 3241 1048 3320 judicatam
1066 3240 1307 3320 confirmarunt,
1325 3242 1366 3302 ita
1382 3254 1502 3320 tamen,

242 3348 332 3430 quod
357 3349 442 3410 idern
468 3349 621 3410 Nicolaus
645 3349 676 3409 in
702 3348 874 3429 quindenis
906 3348 1033 3409 termini
1062 3347 1197 3430 predicti
1221 3366 1316 3430 super
1340 3366 1389 3426 eo,
1415 3348 1504 3428 quod

240 3455 307 3537 ipse
334 3454 502 3516 dominam
528 3453 761 3536 Margaretham
793 3473 858 3515 non
890 3452 1083 3516 interfecerit
1107 3473 1164 3516 nec
1189 3451 1365 3516 interficere
1396 3452 1505 3515 lecerit

240 3561 481 3644 (juramentum)
505 3576 645 3645 prestare
670 3561 775 3623 debet.
1509 3564 1513 3569 ’

416 3780 510 3854 Feria
539 3789 640 3854 serta
669 3794 746 3853 ante
771 3783 971 3853 dominicam
1000 3779 1318 3868 Ramispalmamm.

347 3932 425 3996 ltem
450 3933 561 3994 Petrus
585 3933 660 3994 Moz
684 3947 795 3994 contra
828 3932 1004 4014 Sebestyan
1036 3931 1142 4013 primo
1175 3930 1288 3991 citatus
1314 3950 1379 3993 non
1414 3951 1502 3993 com·

239 4039 354 4121 paruit.

343 4143 421 4204 ltem
446 4144 557 4205 Petrus
580 4155 611 4205 et
636 4141 747 4203 Plazar
770 4141 810 4204 ad
833 4162 944 4225 pacem
974 4156 1047 4205 sunt
1071 4144 1200 4226 recepti.

345 4249 421 4310 ltem
440 4268 534 4310 causa
560 4247 704 4329 Dragech
730 4261 839 4310 contra
865 4249 1039 4310 Martinum
1064 4249 1219 4332 Zelryrich
1252 4248 1292 4310 ad
1316 4267 1429 4330 pacem
1453 4263 1500 4310 est

238 4368 362 4437 recepta
387 4356 427 4417 ad
452 4356 593 4438 primum
617 4354 784 4435 judicium.

341 4462 418 4523 ltem
443 4481 537 4524 causa
555 4461 734 4544 Dragozlay
758 4474 789 4523 et
808 4460 960 4543 Stephani
979 4460 1160 4524 Pechohleb
1178 4474 1224 4523 est
1247 4462 1287 4523 ad
1310 4482 1422 4545 pacem
1448 4482 1497 4524 re·

238 4578 330 4649 cepta
353 4568 393 4629 ad
418 4567 559 4651 primum
583 4567 750 4649 judicium.

342 4673 421 4735 Item
453 4672 585 4737 Corlath
619 4686 708 4737 sutor
739 4686 849 4736 contra
881 4672 1077 4756 Gurglinum
1108 4674 1251 4736 secundo
1286 4673 1399 4735 citatus
1435 4692 1499 4735 non

237 4780 428 4863 comparuit.
724 4772 728 4779 ’
