3472 5234
632 323 831 404 Ann01376.
859 361 898 370 —
924 325 954 387 ό.
971 329 1063 404 junii.
1434 347 1476 410 47

319 537 427 598 Primo
460 536 621 599 Iohannes
653 536 803 616 decanus,
836 537 999 617 Clemens,
1031 538 1137 599 Mathe
1162 552 1193 600 et
1225 538 1399 619 Gregorius
1430 538 1478 619 ju-

212 659 310 722 ratus,
335 643 538 704 aldomasarii
564 642 688 705 domini
713 643 841 704 Martini
869 642 1044 705 sacerdotis
1075 644 1233 725 capellani
1257 644 1381 705 domini
1406 664 1476 726 pre·

211 749 307 833 positi
337 750 369 810 in
400 750 506 832 primo
537 748 657 830 judicio
688 749 835 811 atestabit
865 769 938 811 cum
971 749 1092 811 eisdem
1124 749 1261 830 qualiter
1292 771 1324 810 se
1357 747 1477 812 factum

211 854 384 918 habuisset.

316 962 395 1023 Item
419 975 532 1023 octavo
563 961 614 1023 die
646 961 799 1023 Nicolaus
830 960 1042 1022 Zrebernicha
1075 961 1254 1023 Laurencio
1288 961 1397 1023 villico
1433 961 1474 1022 de

210 1068 296 1148 Vgra
319 1081 383 1129 tres
406 1087 528 1129 marcas
551 1067 757 1129 denariorum
783 1067 946 1128 exsolvere
971 1067 1076 1130 debet.

316 1172 393 1234 Item
418 1174 567 1234 Marenus
583 1171 762 1234 conductor
787 1186 817 1233 et
837 1192 945 1234 comes
962 1187 1144 1234 nostrorum
1169 1186 1384 1255 proventuum
1402 1193 1475 1235 cum

210 1278 315 1361 judice
340 1293 371 1341 et
394 1279 504 1359 juratis
528 1280 708 1361 Dragozlao
732 1279 835 1359 jurato
852 1294 883 1340 et
907 1270 1069 1359 Stephano
1088 1278 1128 1340 de
1153 1280 1244 1340 Nova
1269 1278 1345 1340 villa
1369 1293 1477 1341 nostra

211 1400 340 1468 propter
352 1387 492 1468 quedam
503 1387 659 1468 vituperia
673 1385 927 1448 satisfaccionem
943 1384 1129 1465 impendere
1139 1384 1234 1446 dehet
1246 1385 1278 1445 in
1293 1385 1475 1466 quindenis.

316 1510 394 1571 Item
419 1510 564 1571 Thomas
588 1523 699 1572 contra
717 1509 915 1592 Stephanum
940 1507 1046 1588 primo
1071 1506 1190 1587 judicio
1215 1508 1431 1589 respondebit.

318 1615 397 1678 Item
409 1615 601 1698 Mosnarych
614 1631 723 1677 contra
737 1615 938 1678 CIcmentem
958 1613 1064 1695 primo
1079 1614 1193 1675 citatus
1207 1635 1271 1676 non
1286 1615 1475 1696 comparuit.

317 1739 395 1801 Item
418 1735 564 1803 Thomas
581 1752 694 1800 octavo
712 1739 764 1800 die
788 1758 821 1800 se
837 1736 998 1799 secundus
1015 1735 1131 1816 jurabit
1148 1737 1180 1799 in
1199 1757 1249 1816 eo,
1266 1738 1354 1818 quod
1372 1737 1475 1820 ipsum

212 1843 396 1907 Anthonius
419 1845 642 1907 verberaverit.

319 1951 396 2012 Item
418 1951 530 2012 Marito
554 1964 663 2013 contra
688 1950 824 2013 Paulum
847 1950 989 2011 secundo
1014 1951 1127 2012 citatus
1151 1969 1216 2010 non
1241 1949 1430 2031 comparuit.

319 2185 415 2260 FerIa
444 2195 542 2259 sexta
580 2190 735 2276 proxima
763 2195 841 2258 ante
878 2190 1002 2260 festum
1030 2194 1146 2259 sancte
1174 2185 1368 2257 Trinitatis.

757 2336 804 2418 (ό.
820 2341 925 2415 junii).

318 2481 426 2542 Primo
452 2480 574 2541 Sechen
598 2500 630 2540 se
654 2500 750 2562 super
781 2480 922 2541 ammam
948 2480 1096 2561 Gregorii
1129 2477 1296 2540 familiaris
1321 2477 1476 2539 Iohannis

214 2587 367 2648 Iohannis
390 2587 483 2667 jurati
501 2588 629 2648 racione
654 2587 819 2648 cuiusdam
837 2586 972 2647 verberii
991 2585 1138 2647 submisit
1154 2583 1193 2645 ad
1212 2584 1298 2645 diem
1314 2597 1474 2646 octavum.

318 2692 397 2754 Item
412 2691 557 2755 Geninus
571 2694 638 2783 Lep
656 2706 764 2754 contra
780 2693 898 2753 Lucam
918 2691 1046 2753 RonioIi
1063 2704 1177 2752 octavo
1191 2691 1242 2751 die
1260 2688 1475 2771 respondebit.

318 2816 396 2878 Item
434 2815 593 2898 Georgius
631 2830 741 2878 contra
780 2816 926 2877 Maritum
960 2813 1081 2877 Gemez
1121 2814 1226 2896 primo
1262 2814 1375 2875 citatus
1409 2832 1473 2873 non

213 2923 403 3006 comparuit.

316 3029 394 3089 Item
419 3047 513 3090 causa
538 3027 705 3090 Chernech
730 3028 818 3109 parvi
850 3041 881 3089 et
904 3027 1027 3088 Mareni
1052 3039 1098 3087 est
1122 3045 1177 3106 per
1201 3023 1361 3087 Janchech
1385 3024 1470 3085 auri·

212 3133 337 3196 fabrum
362 3148 392 3196 et
417 3133 610 3215 Gregorium
635 3153 745 3195 voscar
768 3133 808 3194 ad
833 3147 906 3195 octo
931 3133 999 3194 dIes
1031 3145 1156 3213 recepta
1181 3130 1221 3191 ad
1245 3149 1366 3212 pacem.

318 3240 396 3301 Item
419 3239 497 3301 Iuan
530 3253 560 3301 et
592 3238 745 3300 Nicolaus
776 3252 885 3301 contra
919 3237 1026 3300 Mathe
1052 3237 1155 3319 primo
1188 3237 1272 3298 citati
1298 3256 1363 3297 non
1387 3256 1474 3298 com·

212 3361 396 3428 paruerunt.

317 3452 396 3513 Item
431 3451 569 3512 Iacobus
618 3449 743 3533 Cupich
780 3464 888 3512 contra
929 3451 1072 3512 Blasium
1105 3449 1210 3532 primo
1253 3447 1365 3509 citatus
1409 3467 1473 3508 non

212 3558 402 3640 comparuit.

317 3664 395 3726 Item
430 3677 624 3744 conquestus
660 3660 721 3723 fuit
752 3660 912 3723 Janchech
943 3660 1103 3723 aurifaber
1138 3674 1168 3721 et
1191 3674 1238 3722 est
1272 3672 1474 3741 protestatus,

212 3770 300 3851 quod
324 3769 506 3830 Anthonius
530 3789 605 3830 suus
629 3769 763 3829 servitor
786 3768 847 3829 sibi
871 3768 911 3829 de
936 3780 1069 3848 argento
1093 3779 1232 3847 quatuor
1255 3784 1376 3825 marcas
1400 3783 1471 3825 cum

211 3877 316 3938 media
338 3890 539 3959 reportasset,
565 3890 599 3937 ut
623 3875 701 3936 dum
725 3876 792 3956 ipse
816 3873 1001 3935 Anthonius
1033 3873 1165 3950 venerit,
1191 3871 1296 3954 ipsum
1321 3869 1471 3951 prosequi

211 3982 340 4043 debebit
363 3981 486 4063 justicia
511 3981 681 4043 mediante.

316 4105 393 4166 Item
420 4103 594 4183 Gregorius
619 4117 733 4165 octavo
756 4103 807 4163 die
829 4117 938 4164 contra
964 4102 1142 4180 Georgium
1159 4101 1306 4162 atestabit
1330 4117 1386 4180 per
1404 4099 1473 4160 Ste-

211 4210 352 4294 phanum
378 4210 481 4273 filium
505 4209 657 4292 Hernych
682 4223 713 4271 et
745 4209 953 4270 Dominicum
986 4228 1081 4290 super
1107 4227 1158 4285 eo,
1189 4206 1277 4288 quod
1303 4205 1407 4285 ipsum
1439 4204 1472 4263 in

212 4337 269 4378 aua
293 4317 479 4379 defensione
508 4316 732 4377 vulneraverit.

316 4423 394 4484 Item
418 4443 511 4484 causa
536 4423 666 4483 Janslini
693 4435 723 4482 et
748 4421 836 4482 Pauli
862 4418 1094 4482 aurifabrorum
1120 4432 1150 4479 et
1174 4416 1340 4478 familiaris
1364 4413 1472 4475 relicte

211 4528 334 4590 Nicolai
360 4528 469 4589 Touth
495 4541 541 4590 est
564 4547 620 4610 per
645 4528 813 4588 Marenum
836 4526 876 4587 ad
901 4539 974 4587 octo
996 4525 1064 4586 dies
1088 4536 1212 4605 recepta
1237 4522 1277 4582 ad
1301 4539 1424 4602 pacem.

316 4652 394 4715 Item
418 4673 512 4714 causa
545 4651 676 4734 Georgii
707 4650 865 4733 piliatoris
900 4663 930 4709 et
961 4647 1109 4728 Gregorii
1143 4660 1188 4707 est
1219 4664 1275 4728 per
1300 4645 1471 4705 Lucasium

213 4759 400 4842 seIIiparum
423 4758 463 4820 ad
488 4771 561 4819 octo
586 4757 654 4818 dies
677 4771 802 4839 recepta
826 4757 865 4817 ad
890 4775 1013 4838 pacem.
