3472 5234
1426 281 1486 342 35ι

225 353 361 360 ——-.
374 356 657 363 ——-—-—-—
728 359 1205 368 ——-———--—-——-·—
1245 365 1336 371 —
1359 368 1411 372 -——

330 459 408 521 ltem
433 460 517 522 lwan
543 460 621 523 feria
645 462 741 523 tercia
765 463 908 524 secundo
931 484 964 526 se
989 465 1115 547 jurabit,
1141 467 1229 548 quod
1254 469 1358 551 ipsum
1386 469 1487 533 Geor-

224 565 297 646 gius
321 567 560 630 molendinator
583 568 788 632 vulnerasset.

331 673 408 735 Item
435 674 567 735 Zalcaria
592 672 669 736 feria
697 676 794 737 tercia
827 696 985 757 supereo
1016 677 1134 759 jurabit
1158 699 1216 761 pro
1241 696 1362 762 quanto
1386 702 1486 745 unum

226 797 346 859 equum
376 794 598 862 comparasset.
952 765 954 768 ⁵

330 885 407 947 Item
432 886 519 967 quod
545 887 619 968 quia
644 887 789 950 Andreas
813 889 940 972 Rosych
962 888 1053 971 (h)eri
1079 890 1111 950 in
1136 890 1206 952 loro
1231 894 1484 976 conprovinciali

223 989 254 1051 in
292 988 375 1053 facto
411 991 673 1075 interempcionis
704 992 847 1055 lwcheeh
887 994 927 1056 ad
959 994 1117 1076 justiciam
1148 998 1295 1060 terciario
1328 999 1484 1080 legittime

221 1097 437 1178 proclamatus
469 1118 534 1160 non
567 1101 672 1178 venit,
703 1099 777 1162 idco
809 1101 1069 1183 quandocunque
1104 1102 1135 1163 in
1168 1104 1325 1166 territorio
1349 1106 1485 1168 civitatis

221 1203 352 1284 reperiri
375 1206 492 1286 poterit
515 1206 654 1267 vindicta
679 1206 718 1267 de
743 1207 813 1289 ipso
838 1222 1048 1290 sumpmatur.

370 1403 464 1477 Feria
495 1408 602 1478 tercia
631 1410 787 1496 proxima
821 1416 898 1498 post
927 1410 1127 1482 dominicam
1156 1411 1340 1484 lnvotavit.

326 1557 404 1620 ltem
421 1558 611 1620 Valentinus
634 1573 743 1621 contra
770 1559 943 1643 Matheylro
967 1576 998 1622 et
1023 1561 1196 1623 Martinum
1234 1562 1340 1645 primo
1372 1564 1485 1626 citatus

220 1683 285 1725 non
310 1665 500 1747 comparuit.

323 1770 402 1833 ltem
434 1771 545 1832 Petrus
576 1784 685 1833 contra
718 1770 911 1853 Gregorium
943 1788 1098 1835 sartorem
1131 1773 1236 1856 primo
1269 1774 1383 1837 citatus
1415 1795 1480 1838 non

217 1877 407 1960 comparuit.

323 1983 402 2045 ltem
419 1983 572 2046 Nicolaus
588 1982 759 2066 Rog(o)sar
775 1997 885 2047 contra
902 1983 1095 2066 Gregorium
1113 1985 1229 2066 Angeli
1247 1986 1351 2068 primo
1368 1986 1482 2049 citatus

218 2108 283 2150 non
309 2091 499 2173 comparuit.

322 2196 400 2258 ltem
424 2197 485 2280 lsip
509 2210 610 2259 sartor
626 2209 735 2259 contra
760 2197 835 2259 luan
862 2197 1032 2280 Hlebopek
1049 2198 1155 2281 primo
1172 2198 1286 2261 citatus
1310 2218 1374 2260 non
1393 2218 1480 2261 com-

216 2302 330 2383 paruit.

320 2407 399 2469 Item
423 2409 542 2470 Paulus
566 2423 675 2471 contra
700 2409 893 2490 Gregorium
917 2408 1022 2492 primo
1054 2409 1168 2472 citatus
1192 2430 1257 2471 non
1283 2411 1476 2492 comparuit.

320 2515 398 2576 ltem
423 2514 582 2596 Georgius
599 2516 815 2598 carpentarius
831 2528 939 2576 contra
965 2515 1131 2577 Simonem
1150 2516 1253 2597 primo
1271 2515 1384 2577 citatus
1409 2536 1473 2577 non

215 2621 404 2702 comparuit.

320 2726 398 2789 ltem
431 2727 544 2789 Simon
569 2741 600 2790 et
626 2727 808 2809 Stephanus
832 2740 946 2789 octavo
971 2725 1023 2788 die
1055 2739 1165 2788 contra
1190 2747 1257 2789 sese
1282 2741 1377 2790 testes
1400 2749 1475 2812 pro·

215 2831 332 2895 ducere
357 2833 485 2896 debent.

320 2939 398 3000 ltem
423 2939 575 3001 Nicolaus
599 2954 630 3001 et
646 2939 840 3001 Benedictus
863 2952 972 3001 contra
990 2938 1197 3001 Valentinum
1223 2940 1263 3001 de
1288 2940 1379 3001 Nova
1399 2941 1474 3002 villa

214 3045 318 3127 primo
351 3046 436 3107 citati
462 3066 527 3107 non
553 3059 814 3128 comparuerunt.

320 3153 399 3215 ltem
424 3153 588 3214 Dionisius
612 3166 722 3214 contra
747 3153 875 3214 Petrum
908 3151 1012 3233 primo
1044 3151 1157 3213 citatus
1189 3171 1252 3212 non
1286 3151 1476 3233 comparuit.

320 3261 396 3321 ltcm
423 3261 486 3322 Res
502 3274 612 3321 contra
637 3259 816 3321 iohannem
834 3258 930 3318 Liber
947 3258 1052 3339 primo
1069 3256 1183 3318 citatus
1199 3276 1265 3318 non
1282 3258 1471 3340 comparuit.

317 3365 396 3428 Item
432 3366 569 3427 lacobus
605 3363 730 3447 Cupich
766 3376 876 3426 contra
911 3363 1082 3425 Nicolaum
1117 3363 1221 3445 primo
1257 3362 1371 3425 citatus
1409 3383 1475 3425 non

214 3472 404 3554 comparuit.

318 3578 394 3641 ltem
411 3580 508 3641 Lucia
523 3579 638 3640 mulier
652 3593 760 3640 contra
778 3576 944 3639 Elizabeth
962 3577 1066 3659 primo
1089 3577 1183 3638 citata
1202 3595 1265 3636 non
1284 3575 1475 3658 comparuit.

320 3686 398 3747 ltem
430 3706 524 3747 causa
556 3685 700 3766 Georgii,
735 3684 864 3767 Voryh,
896 3682 1050 3745 iohannis
1082 3681 1222 3743 filiorum
1256 3681 1411 3747 Hermani
1445 3697 1476 3744 et

211 3792 347 3874 Mykech
373 3791 429 3854 filii
456 3791 608 3874 Stephani
633 3805 743 3853 contra
767 3790 937 3852 Nicolaum
962 3789 1064 3851 filium
1090 3789 1172 3850 Petri
1199 3789 1240 3848 ita
1266 3802 1312 3850 est
1335 3787 1474 3869 judicata

212 3897 421 3980 periuratos,
446 3898 535 3980 quod
566 3898 642 3979 quia
672 3894 785 3979 prefati
818 3895 875 3958 filii
901 3895 1056 3958 Hermani
1089 3907 1120 3956 et
1146 3893 1281 3976 Mykech
1306 3894 1472 3956 accionem

211 4023 323 4065 eorum
348 4004 409 4066 nisi
433 4024 505 4066 curn
531 4002 723 4085 quibusdam
750 4003 849 4064 literis
874 4001 1173 4083 inquisicionalibus
1190 4014 1220 4061 et
1245 4019 1308 4061 non
1334 3999 1399 4061 alio
1417 4000 1473 4060 do·

210 4124 360 4171 cumento
393 4109 479 4191 juxta
511 4109 775 4171 consuetudinem
807 4109 942 4171 civitatis
971 4108 1181 4189 comprobare
1212 4107 1372 4184 valebant,
1397 4105 1472 4167 ideo

210 4215 433 4296 judicaverunt
450 4235 488 4276 eo
506 4214 616 4294 modo,
631 4215 718 4297 quod
735 4211 876 4296 prelatus
897 4213 1049 4275 Nicolaus
1067 4212 1097 4272 in
1116 4211 1288 4293 quindenis
1313 4211 1471 4292 quinqua-

209 4322 296 4402 ginta
321 4323 406 4384 cives
429 4336 580 4384 statueret
604 4323 636 4383 in
654 4320 786 4382 ecclesia
810 4320 909 4381 sancti
928 4319 1025 4380 Marci
1050 4331 1081 4379 et
1104 4337 1177 4379 curn
1195 4317 1308 4398 viginti
1327 4316 1471 4398 quinque

210 4428 333 4490 civibus
357 4427 475 4510 juraret
499 4447 594 4510 super
618 4447 667 4507 eo,
692 4427 780 4508 quod
805 4425 920 4509 ipsein
940 4422 1165 4486 interleccione
1188 4422 1320 4485 domine
1347 4422 1471 4502 Marga-

209 4534 297 4598 rethe
329 4533 394 4596 filie
429 4533 583 4595 iohannis
615 4533 690 4594 dicti
724 4533 842 4594 Nemes
873 4530 1027 4592 innocens
1059 4529 1222 4604 existeret;
1254 4527 1329 4588 dicti
1363 4539 1470 4588 autem

209 4639 265 4703 filii
291 4640 446 4703 Hermani
471 4655 503 4702 et
519 4639 656 4722 Mykech
680 4640 781 4723 ipsam
799 4656 926 4700 causam
951 4637 990 4698 ad
1011 4638 1179 4699 sabbatum
1199 4633 1381 4715 proximum
1399 4646 1471 4714 post

167 4735 174 4747 ⁸
209 4747 294 4809 diem
319 4745 672 4828 mediequadragesime
697 4745 737 4806 ad
761 4744 912 4826 antiquos
934 4743 1056 4824 judices
1080 4740 1292 4824 appellarunt.
