3472 5234
542 330 633 390 Anno
656 344 747 408 1390.
770 365 812 373 —
836 341 886 406 25.
908 332 1060 406 januarii.
1380 351 1442 413 3¹7

285 543 362 603 Item
388 541 548 622 Georgius
579 539 664 602 lilius
695 541 825 624 Dragoy
857 540 1005 602 terciario
1036 560 1131 623 super
1155 540 1239 603 lacto
1271 542 1442 624 interemp-

181 650 282 710 cionis
307 650 397 709 Jurse
422 648 647 730 proclamatus,
671 647 711 708 ad
736 647 894 727 justiciam
919 667 983 708 non
1009 647 1105 710 venit.

284 755 361 816 Item
388 753 517 836 Mathey
541 752 680 815 carnifex
705 771 805 835 usque
829 752 1085 834 quindenas...

284 861 360 922 Item
385 860 475 941 quod
499 860 574 941 quia
598 874 694 921 testes
711 859 836 920 Blasich
858 872 889 921 et
907 858 1055 940 Gregorii
1080 859 1243 941 quandam
1268 858 1441 921 fassionem

178 966 336 1047 equaliter
366 967 563 1044 atestabant,
594 965 667 1026 ideo
699 964 813 1047 prelati
846 964 972 1026 Blasich
1006 977 1037 1026 et
1073 963 1249 1046 Gregorius
1285 965 1443 1047 equaliter

177 1072 343 1153 quoddam
368 1072 545 1154 dampnum
563 1071 645 1132 inter
668 1091 723 1132 eos
744 1069 863 1133 lactum
881 1070 1037 1151 equaliter
1053 1072 1241 1152 subportare
1267 1071 1441 1138 debebunt.

285 1178 362 1239 Item
396 1177 521 1239 Blasich
553 1192 662 1239 contra
695 1176 888 1258 Gregorium
920 1178 1076 1261 voyschar
1107 1177 1297 1239 secundario
1330 1178 1442 1240 citatus

178 1304 242 1345 non
268 1285 458 1366 comparuit.

283 1391 359 1451 Item
383 1390 471 1472 quod
496 1391 570 1473 quia
603 1390 803 1452 Demetrium
836 1390 867 1451 in
901 1410 986 1452 anno
1011 1391 1159 1472 proximo
1191 1403 1349 1453 transacto
1381 1411 1440 1473 pro

177 1495 370 1578 quibusdam
395 1496 460 1557 suis
492 1496 672 1557 excessibus
702 1496 734 1556 in
767 1494 846 1557 facie
879 1496 1010 1576 sigillari
1044 1508 1075 1557 et
1099 1496 1139 1557 de
1171 1496 1299 1558 civitate
1324 1496 1440 1578 expelli

177 1600 322 1680 fecimus,
346 1616 453 1664 tamen
488 1601 644 1680 volentes,
676 1602 772 1663 deum
805 1601 921 1663 habere
953 1622 1009 1684 pre
1041 1602 1144 1664 oculis
1175 1615 1206 1663 et
1230 1602 1330 1664 eciam
1355 1601 1440 1682 juxta

175 1708 369 1789 peticionem
395 1709 571 1790 proborum
596 1708 738 1769 virorum
763 1722 827 1769 tam
850 1708 966 1770 civium
985 1726 1082 1789 quam
1108 1709 1310 1788 secularium,
1335 1708 1440 1771 eidem

177 1812 343 1875 Demetrio
366 1813 505 1894 graciam
531 1811 666 1874 lecimus
696 1813 750 1892 ita,
774 1813 862 1895 quod
895 1833 1021 1896 semper
1044 1833 1145 1895 usque
1170 1814 1267 1876 vitam
1292 1833 1382 1876 suam
1408 1814 1440 1875 in

178 1918 340 1979 civitatem
365 1917 466 1980 libere
492 1931 523 1980 et
546 1938 656 1980 secure
681 1918 797 1979 intrare
821 1918 930 2000 possit.
