3472 5234
617 363 703 419 Anno
726 357 817 436 1378.
843 393 883 402 —
907 374 935 437 7.
960 360 1131 433 septembris.
1450 377 1504 440 151

349 571 428 633 Item
453 571 560 632 Mathe
584 586 672 632 sutor
697 584 807 632 contra
824 570 994 631 Nicolaum
1019 569 1158 650 juratum
1183 569 1286 651 primo
1309 569 1422 630 citatus
1440 587 1506 630 non

243 677 434 759 comparuit.

357 782 434 844 ltem
452 782 614 843 lanslinus
638 780 797 844 aurifaber
821 802 877 863 per
893 782 1064 843 Nicolaum
1089 780 1206 842 ruffum
1231 795 1262 843 et
1285 780 1428 842 Blasium
1444 794 1509 841 ate·

244 889 352 966 stabit,
379 902 451 970 post
481 888 656 950 adventum
681 889 780 969 ipsius
804 888 900 948 Blasii
926 888 1030 969 primo
1061 887 1192 969 judici0,
1224 886 1311 968 quod
1335 887 1438 948 Lucas
1468 884 1509 946 de

245 994 316 1077 Gay
340 995 400 1055 sibi
424 1013 482 1076 pro
505 995 606 1056 tribus
629 994 744 1055 marcis
769 993 935 1055 fideiussor
958 993 1104 1055 extiterit.

349 1117 425 1179 ltem
451 1137 566 1200 parvus
590 1118 678 1179 Elias
702 1132 811 1179 contra
837 1117 1037 1179 Anthonium
1063 1118 1161 1179 tercio
1186 1117 1300 1179 citatus
1324 1135 1388 1178 non
1422 1135 1509 1177 com-

244 1239 362 1307 paruit.

272 1461 368 1535 Feria
396 1464 502 1533 tercia
531 1465 684 1550 proxima
713 1469 791 1532 ante
818 1462 942 1532 festum
971 1460 1170 1531 Natiuitatis
1197 1462 1339 1548 virginis
1367 1459 1482 1530 llarie.

755 1632 796 1709 (7.
812 1632 995 1707 septembris).

352 1788 460 1850 Primo
486 1808 565 1850 uxor
589 1788 756 1870 Wrouych
774 1803 888 1850 octavo
913 1789 964 1849 die
982 1803 1091 1850 contra
1118 1788 1283 1850 dominam
1301 1787 1395 1858 llsam
1412 1806 1509 1870 super

245 1894 331 1957 XVll
358 1896 458 1957 nezek
483 1895 605 1976 argenti
631 1894 756 1974 jurabit.

351 1999 429 2062 Item
448 2000 567 2062 Paulus
590 2015 678 2061 sutor
702 2015 813 2063 contra
830 2001 994 2063 Thomam
1018 2015 1159 2062 sutorem
1184 2002 1288 2083 primo
1306 2001 1419 2062 citatus
1443 2019 1508 2061 non

243 2107 433 2189 comparuit.

350 2213 428 2275 ltem
453 2232 547 2274 causa
571 2212 727 2273 Anthonii
752 2226 782 2274 et
812 2212 904 2275 Tade
936 2226 983 2275 est
1015 2233 1072 2295 per
1096 2214 1266 2275 Nicolaum
1298 2212 1436 2274 condam
1460 2210 1508 2292 ju-

243 2319 347 2381 dicem
371 2318 411 2379 ad
437 2317 548 2379 feriam
573 2332 693 2379 sextam
718 2332 842 2399 recepta
868 2318 907 2378 ad
932 2338 1053 2400 pacem.

352 2425 428 2485 Item
456 2423 616 2504 Georgius
633 2438 734 2485 sartor
758 2437 868 2485 contra
887 2423 1062 2505 Georgium
1088 2439 1203 2486 octavo
1220 2424 1272 2486 die
1289 2424 1507 2506 respondebit.

349 2530 426 2591 Item
452 2549 546 2590 causa
581 2529 713 2611 Georgii
746 2530 912 2591 assessoris
941 2544 972 2592 et
1003 2530 1132 2591 Martini
1165 2531 1260 2612 Piper
1283 2545 1329 2593 est
1361 2549 1416 2612 per
1441 2530 1508 2591 Ma-

243 2655 354 2697 renum
379 2635 419 2697 ad
444 2649 517 2697 octo
542 2635 611 2696 dies
635 2650 760 2717 recepta
783 2635 823 2695 ad
848 2655 970 2717 pacem.

350 2760 428 2822 ltem
453 2780 547 2821 causa
573 2778 684 2820 voscar
708 2774 739 2821 et
764 2759 909 2820 Mauricii
935 2775 980 2820 est
1005 2779 1060 2841 per
1085 2758 1263 2841 Georgium
1288 2771 1443 2819 sartorem
1468 2758 1508 2819 ad

243 2878 316 2926 octo
340 2865 408 2926 dies
433 2878 558 2946 recepta
583 2864 623 2925 ad
649 2883 770 2946 pacem.

349 2970 427 3033 ltem
452 2971 614 3031 lohannes
640 2970 802 3033 Chemerii
827 2986 936 3033 contra
955 2970 1134 3052 Georgium
1158 2970 1330 3031 litteratum
1358 2982 1389 3031 et
1412 2987 1507 3030 suum

243 3076 389 3137 libellum
413 3091 527 3138 octavo
552 3076 603 3137 die
629 3078 844 3159 respondebit.

351 3200 428 3261 ltem
456 3200 615 3280 Georgius
640 3201 813 3283 calcaripar
837 3215 946 3263 contra
971 3200 1142 3262 Nicolaum
1167 3199 1291 3262 Odolas
1315 3212 1429 3261 octavo
1455 3199 1507 3260 die

244 3307 462 3389 respondebit.

348 3413 427 3474 ltem
451 3433 544 3475 causa
571 3412 702 3494 Georgii
728 3429 759 3475 et
784 3415 898 3475 lieber
923 3428 969 3476 est
990 3434 1046 3496 per
1064 3413 1256 3475 Mauricium
1280 3411 1320 3473 ad
1345 3425 1419 3473 octo
1436 3411 1506 3473 dies

244 3517 394 3600 (recepta)
419 3518 459 3579 ad
484 3518 620 3600 pacem}

353 3625 432 3686 ltem
456 3625 610 3686 Nicolaus
634 3626 782 3687 sacerdos
810 3641 841 3687 et
864 3626 1026 3687 lohannes
1056 3640 1166 3687 contra
1191 3625 1361 3686 Nicolaum
1386 3623 1510 3686 Odolas

246 3730 388 3791 secundo
421 3731 506 3791 citati
531 3750 596 3791 non
626 3745 884 3814 comparuerunt.

352 3837 430 3898 ltem
455 3837 623 3919 Philippus
647 3837 732 3899 filius
763 3838 845 3899 luha
876 3837 1086 3918 solempniter
1117 3837 1362 3919 quatuordecim
1386 3837 1510 3897 civibus

244 3943 402 4021 atestavit‚
426 3942 515 4024 quod
539 3944 680 4024 quadam
713 3944 805 4005 vinea
839 3945 936 4025 patris
966 3944 1015 4005 sui
1040 3957 1071 4005 et
1094 3963 1150 4004 sua
1183 3943 1346 4021 extitisset,
1371 3942 1510 4003 lacobus

244 4062 352 4111 autem
378 4048 508 4131 pellifex
533 4049 572 4110 ad
598 4069 727 4131 presens
751 4051 839 4111 nulla
873 4049 941 4128 jura
965 4049 1142 4131 producere
1174 4049 1274 4110 valuit
1297 4068 1393 4130 super
1416 4047 1510 4109 vinea

244 4155 397 4236 predicta,
421 4155 476 4215 sed
501 4157 661 4216 asserebat
684 4176 716 4216 se
740 4155 809 4235 jura
833 4155 950 4217 habere
974 4155 1014 4216 de
1038 4155 1162 4216 eadem.

355 4279 431 4340 ltem
457 4298 551 4339 causa
576 4279 715 4340 Ladislai
740 4279 833 4358 jurati
866 4296 896 4341 et
928 4279 1011 4341 Petri
1037 4279 1149 4341 decani
1179 4292 1226 4340 est
1249 4298 1305 4360 per
1329 4278 1510 4339 lohannem

243 4383 408 4445 Chemerii
433 4398 464 4446 et
487 4385 657 4446 Nicolaum
682 4384 806 4447 Odolas
830 4384 870 4446 ad
894 4399 967 4447 octo
992 4384 1061 4445 dies
1084 4397 1210 4466 recepta
1231 4383 1271 4445 ad
1296 4403 1418 4465 pacem.

351 4490 428 4552 ltem
454 4491 609 4551 Martinus
635 4491 807 4572 Hungarus
827 4504 936 4552 contra
955 4490 1188 4571 Margaretham
1206 4491 1375 4552 mulierem
1393 4502 1508 4551 octavo

245 4594 322 4677 (die)
351 4595 567 4677 respondebit.

352 4702 430 4763 ltem
463 4700 647 4763 Anthonius
679 4701 802 4764 lursich
835 4717 944 4765 contra
977 4702 1092 4764 Paulas
1127 4702 1269 4764 secundo
1300 4702 1413 4764 citatus
1444 4721 1510 4763 non

247 4807 436 4888 comparuit.
