3472 5234
603 322 688 377 Anno
711 316 801 396 1387.
827 355 869 362 -
893 317 943 381 18.
961 323 1111 394 januarii.
1432 341 1488 403 271

233 530 400 591 cuiusdam
424 530 516 591 vinee
549 544 658 591 contra
684 530 863 591 iohannem
895 530 997 592 filium
1023 533 1106 593 Petri
1132 532 1222 614 (h)eri
1248 534 1280 595 in
1313 533 1384 595 loro
1417 534 1495 615 legi·

232 636 309 698 time
334 637 476 698 secundo
502 636 716 718 proclamatus
740 636 779 696 ad
813 651 994 718 presentem
1016 637 1126 700 feriam
1151 654 1282 717 sextam,
1306 660 1370 701 non
1397 641 1495 702 venit.

341 743 418 804 Item
443 743 510 804 Juri
535 744 676 804 secundo
701 762 733 803 se
757 762 851 823 super
875 763 914 802 co
938 743 1064 823 jurabit,
1089 745 1176 825 quod
1205 746 1310 826 ipsum
1336 744 1496 826 Georgius

235 848 312 930 vigil
329 850 555 930 percussissct3
572 850 638 931 ipse
656 864 762 909 autem
777 847 937 927 Georgius
954 849 993 909 ad
1011 850 1160 931 antiquos
1173 850 1294 930 judices
1310 851 1494 933 appellavit.

339 955 416 1016 Item
441 955 574 1036 Jursych
600 970 709 1016 contra
735 953 935 1036 Mychaelem
954 955 1058 1036 primo
1077 957 1190 1017 citatus
1215 977 1280 1017 non
1304 959 1495 1039 comparuit.

338 1061 415 1123 Item
448 1060 648 1141 Margaretha
680 1060 820 1122 secunda
844 1080 876 1120 se
909 1060 1025 1139 jurabit
1056 1082 1151 1144 super
1182 1082 1239 1141 eu,
1273 1063 1360 1143 quod
1395 1064 1494 1145 ipsam

235 1166 393 1247 Georgius
417 1168 495 1248 vigil
521 1167 727 1228 vulnerasset.

365 1364 1358 1458 lmaoemammmamoenmmbmdlmmm.

743 1533 802 1596 (15.
819 1522 983 1596 januarii).

341 1658 418 1720 Item
446 1660 598 1721 Herricus
623 1660 752 1742 pellifex
776 1675 885 1722 contra
905 1663 998 1742 Myle
1024 1659 1100 1722 feria
1123 1676 1209 1723 sexta
1234 1661 1449 1742 respondebit.

338 1765 416 1827 Item
442 1766 620 1827 Hanslinus
651 1782 761 1828 contra
786 1767 987 1828 Anthonium
1021 1766 1099 1828 seria
1123 1781 1208 1828 sexta
1232 1767 1450 1848 respondebit.

339 1870 415 1932 Item
442 1892 535 1933 causa
561 1874 670 1934 iacobi
689 1887 797 1934 contra
822 1874 1032 1935 Benedictum
1051 1893 1152 1954 usque
1178 1872 1289 1935 feriam
1314 1888 1434 1935 sextam
1455 1875 1494 1934 ad

232 1997 343 2060 pacem
368 1993 414 2039 est
438 1993 574 2060 recepta.

336 2084 414 2145 Item
448 2084 556 2145 Bartol
581 2099 691 2146 contra
716 2084 845 2146 Gerdak
871 2083 948 2146 feria
972 2099 1059 2146 sexta
1083 2085 1299 2166 respondebit.

340 2191 416 2251 Item
436 2190 628 2272 Stephanus,
645 2190 775 2251 Philech
801 2205 831 2251 et
849 2191 1024 2273 Symonem
1050 2211 1086 2251 ac
1104 2190 1281 2272 Georgium
1306 2205 1401 2253 testes
1418 2189 1495 2253 feria

235 2313 319 2359 sexta
345 2296 522 2375 producere
547 2297 643 2358 debet
666 2297 697 2357 in
723 2296 806 2358 lacto
830 2297 996 2358 cuiusdam
1021 2297 1123 2358 vinee.

336 2404 413 2465 Item
435 2402 559 2465 Jursich
587 2417 696 2465 contra
714 2403 914 2485 Mychaelem
931 2403 1073 2464 secundo
1091 2404 1203 2464 citatus
1221 2422 1285 2464 non
1304 2403 1493 2484 comparuit.

336 2509 414 2570 Item
440 2530 534 2571 causa
559 2509 649 2570 Pauli
668 2510 783 2570 literati
808 2526 917 2571 contra
936 2509 1080 2591 Dragecb
1106 2510 1145 2570 ad
1171 2508 1282 2570 feriam
1307 2523 1427 2570 sextam
1445 2523 1493 2571 est

232 2629 414 2697 prorogata.

335 2721 413 2783 Item
438 2721 589 2782 dominus
606 2722 768 2781 Barnabas
792 2721 965 2782 canonicus
982 2735 1097 2781 octavo
1123 2720 1174 2782 die
1199 2721 1355 2802 vigesimo
1380 2721 1495 2802 quinto

231 2846 264 2886 se
288 2827 476 2887 concivibus
500 2847 657 2908 supereo
682 2826 808 2906 jurabit,
832 2826 920 2907 quod
952 2826 1018 2907 ipse
1052 2827 1083 2887 in
1109 2824 1335 2888 interfeccione
1368 2827 1494 2889 Nicolai

232 2932 394 3016 Glesnyak
420 2935 574 2994 innocens
598 2933 637 2994 sit
662 2947 692 2994 et
717 2934 880 2994 immunis.

338 3040 414 3101 Item
442 3040 564 3121 Symon
590 3053 620 3100 et
645 3036 805 3120 Georgius
830 3038 988 3100 Cheztnilr
1014 3039 1046 3099 in
1071 3038 1221 3099 omnibus
1245 3039 1348 3099 causis
1372 3054 1403 3099 et
1425 3059 1494 3120 spe-

231 3145 352 3206 cialiter
376 3145 406 3205 in
434 3143 517 3205 facto
543 3144 714 3205 domorum
732 3157 841 3205 contra
867 3145 1022 3205 Jacobum
1040 3141 1168 3224 Kupich
1192 3155 1266 3203 sunt
1283 3143 1421 3224 expediti
1442 3145 1494 3220 ita,

231 3250 317 3331 quod
344 3251 429 3311 idem
455 3251 593 3311 lacobus
617 3250 662 3311 nil
687 3269 760 3310 cum
785 3249 860 3331 ipsis
884 3250 998 3310 habeat
1022 3268 1204 3310 commune.

337 3356 414 3418 Item
440 3357 527 3437 quod
548 3357 621 3437 quia
639 3356 794 3416 Martinus
811 3356 904 3436 Piper
922 3355 1113 3416 multociens
1129 3355 1169 3414 ad
1187 3353 1343 3433 justiciam
1363 3352 1422 3414 fuit
1439 3374 1493 3415 vo·

231 3477 317 3524 catus
334 3477 364 3523 et
381 3462 467 3524 idem
485 3462 544 3541 juri
563 3481 672 3543 parere
689 3482 754 3523 non
772 3462 893 3523 curavit
909 3475 939 3523 et
956 3482 987 3521 se
1009 3462 1210 3523 contumacie
1227 3480 1317 3521 reum
1333 3461 1494 3522 commisit

231 3568 304 3630 ideo
329 3569 458 3629 obviare
485 3569 528 3629 rei
554 3567 754 3629 evidenciam
779 3567 916 3629 Johanni
941 3566 1007 3629 filio
1033 3568 1143 3629 iacobi
1169 3567 1248 3628 Bole
1272 3567 1494 3628 commisimus

231 3673 444 3755 juramentum
470 3694 519 3750 e0,
544 3674 630 3754 quod
656 3674 716 3735 sibi
742 3674 910 3735 consocius
935 3673 993 3735 fuit
1017 3674 1056 3734 ad
1087 3673 1295 3734 mercimonia
1320 3692 1358 3734 eo
1385 3673 1493 3752 modo,

233 3780 319 3859 quod
345 3799 439 3861 super
464 3779 613 3860 quitquid
639 3780 704 3859 ipse
730 3779 891 3841 lohannes
915 3778 1041 3859 jurabit,
1074 3799 1168 3860 super
1192 3778 1253 3840 hoc
1278 3780 1494 3861 possessiones

232 3884 307 3945 dicti
335 3885 461 3945 Martini
488 3886 581 3945 statui
600 3885 728 3960 debent,
754 3885 807 3945 ubi
834 3905 896 3946 non
916 3885 1124 3945 convenirent
1148 3885 1374 3966 possessiones,
1398 3905 1494 3966 super

179 4045 183 4052 .
230 3990 290 4051 hoc
307 3991 413 4050 literas
438 4003 543 4050 nostre
568 3991 817 4052 communitatis.
842 3993 913 4065 (sic).

337 4096 415 4158 Item
446 4096 584 4156 universi
618 4096 735 4175 quibus
766 4096 864 4156 atinet
893 4097 1009 4157 domus
1040 4095 1191 4174 Nandrag
1223 4115 1280 4175 pro
1306 4095 1382 4156 seria
1408 4112 1493 4157 sexta

231 4200 297 4281 jura
322 4221 432 4261 corum
459 4201 635 4281 producere
662 4201 789 4260 debent.

660 4399 1062 4490 lmamnammms

739 4549 803 4627 (18.
820 4553 983 4627 januam).

337 4691 412 4752 item
441 4711 533 4752 causa
560 4691 676 4772 lgliche
702 4705 811 4752 contra
829 4691 1007 4753 iohannem
1034 4691 1213 4752 institorem
1238 4691 1277 4751 ad
1303 4689 1413 4752 leriam
1432 4705 1493 4752 ter·

230 4797 312 4858 ciam
336 4812 382 4857 est
406 4812 587 4879 prorogata.
