3472 5234
242 289 304 351 350

340 479 419 541 Item
445 478 607 540 lohannes
630 474 769 539 carnifex
794 475 877 538 filius
906 477 1034 538 Martini
1059 476 1091 538 in
1116 474 1201 538 facto
1233 476 1495 558 interempcionis

236 585 350 669 Kiryni
377 584 454 646 Toti
479 584 581 645 tribus
605 583 729 645 vicibus
753 583 784 643 in
809 582 911 644 tribus
938 580 1015 643 loris
1046 582 1363 664 conprovincialibus
1386 582 1426 642 ad
1450 580 1497 662 ju·

234 691 357 752 sticiam
383 689 539 770 legittime
557 688 773 771 proclamatus
789 707 856 749 non
873 688 970 766 venit,
988 687 1062 748 ideo
1080 688 1340 769 quandocunque
1357 687 1389 748 in
1407 687 1497 749 terri·

235 796 319 859 torio
344 796 427 857 dicte
452 795 589 857 civitatis
606 795 737 878 reperiri
754 794 882 877 poterit,
905 807 981 855 tunc
1005 794 1045 855 de
1062 793 1132 875 ipso
1150 793 1289 854 vindicta
1315 793 1400 854 iuxta
1418 813 1497 854 con·

233 903 434 964 suetudinem
458 902 597 964 civitatis
620 901 829 982 sumpmaturl

342 1008 418 1070 ltem
444 1008 532 1090 quod
557 1008 634 1089 quia
659 1005 818 1069 lanchech
843 1005 932 1068 faber
956 1007 987 1068 in
1016 1005 1099 1069 lacto
1132 1006 1380 1089 interempcions
1412 1005 1495 1067 Petri

235 1116 334 1177 Pazar
358 1115 459 1176 tribus
475 1114 598 1176 vicibus
615 1114 646 1174 in
663 1114 766 1175 tribus
782 1111 860 1174 loris
876 1113 1191 1194 conprovincialibus
1206 1113 1246 1174 ad
1264 1113 1423 1194 justiciam
1454 1112 1498 1174 le-

233 1221 359 1304 gittime
391 1220 606 1302 proclamatus
637 1239 701 1280 non
735 1219 840 1297 venit,
871 1218 946 1281 ideo
979 1219 1240 1300 quandocunque
1273 1219 1304 1279 in
1334 1219 1494 1281 territorio

235 1327 354 1409 (nostre
379 1325 526 1407 civitatis)
552 1326 681 1408 reperiri
706 1325 823 1407 poterit
846 1325 886 1385 de
911 1325 980 1406 ipso
1003 1324 1144 1386 vindicta
1169 1337 1378 1407 sumpmatur.

341 1433 418 1495 ltem
444 1432 576 1493 Zakaria
600 1451 657 1514 per
688 1431 857 1492 dominum
891 1431 1010 1491 Lucam
1039 1428 1190 1511 Gyanum
1215 1429 1275 1491 hoc
1306 1444 1421 1491 octavo
1446 1429 1497 1490 die

236 1540 383 1601 atestabit
408 1539 496 1620 quod
522 1537 702 1601 Jakomello
727 1536 901 1618 quemdam
919 1556 1038 1617 equum
1063 1556 1081 1597 a
1105 1536 1255 1618 Philippo
1273 1549 1497 1618 comparasset.

342 1646 420 1707 ltem
445 1646 591 1707 Andreas
614 1642 742 1725 Rosych
767 1642 858 1725 (hJeri
875 1643 907 1703 in
932 1641 1003 1703 loro
1024 1642 1179 1722 legittime
1197 1639 1436 1724 (proclamatus)
1464 1640 1496 1701 in

235 1749 320 1812 facto
346 1749 608 1832 interempcionis
639 1747 782 1810 lwchech
815 1747 871 1809 filii
905 1748 1008 1830 Lepsa
1033 1747 1072 1808 de
1103 1745 1217 1829 Chehy
1249 1746 1300 1829 (ad
1325 1745 1497 1828 iusticiam)

236 1876 301 1918 non
326 1869 423 1919 venit.

316 2093 413 2167 Faria
445 2102 542 2165 sexta
571 2095 727 2182 proxima
754 2099 833 2164 ante
861 2093 983 2165 leston
1011 2093 1184 2165 beatorum
1221 2090 1358 2163 Fabiani
1386 2099 1420 2163 et

666 2217 855 2288 sebastiani
883 2219 1074 2290 martirum.

343 2389 420 2452 Item
453 2387 599 2449 Thomas
629 2400 729 2448 sartor
760 2400 870 2449 contra
902 2385 1078 2468 Georgium
1110 2385 1251 2447 secundo
1284 2386 1397 2447 citatus
1431 2405 1496 2447 non

237 2495 428 2578 comparuit.

343 2601 420 2663 ltem
446 2599 641 2662 laurencius
672 2598 810 2660 condam
841 2597 937 2680 judex
968 2612 1106 2679 quatuor
1139 2617 1260 2659 marcas
1293 2597 1499 2662 denariorum

238 2708 355 2790 quibus
378 2707 438 2769 sibi
463 2705 610 2789 Mathyas
633 2718 734 2767 sartor
766 2704 891 2767 debitor
922 2703 1019 2784 foret,
1044 2723 1103 2765 nec
1134 2723 1199 2765 non
1224 2703 1377 2765 Nicolaus
1401 2703 1497 2785 judex

238 2834 335 2876 unam
361 2833 500 2875 marcam
532 2812 571 2874 ad
604 2831 701 2894 opera
733 2812 832 2872 sancti
867 2810 999 2892 Georgii
1035 2811 1172 2872 martiris
1205 2811 1435 2872 commiserunt
1469 2823 1500 2872 et

238 2921 306 2982 eius
330 2933 539 2981 exsecutores.

344 3027 422 3087 ltem
446 3045 540 3086 causa
564 3024 648 3086 Petri
673 3025 789 3085 sutoris
813 3037 921 3085 contra
946 3024 1088 3085 relictam
1116 3024 1209 3085 Sorse
1233 3025 1274 3086 ad
1299 3023 1412 3086 leriam
1438 3038 1499 3086 ter·

238 3133 320 3194 ciam
346 3132 385 3193 ad
410 3151 521 3213 pacem
547 3144 592 3189 est
615 3143 751 3211 recepta.

344 3237 422 3299 ltem
448 3236 577 3296 Marlcus
601 3249 711 3295 contra
735 3236 882 3296 Markum
907 3234 984 3297 feria
1007 3236 1105 3298 tercia
1130 3236 1347 3319 respondebit.

344 3343 422 3404 Item
447 3342 521 3402 Jaxe
546 3341 631 3401 dicet
648 3339 725 3401 feria
749 3341 846 3402 tercia
870 3342 948 3423 quid
966 3343 1025 3403 sibi
1051 3356 1174 3403 constat
1199 3343 1280 3404 inter
1304 3341 1498 3423 Gregorium

240 3449 373 3511 voschar
397 3462 427 3508 et
452 3446 576 3508 Paulas.

345 3554 422 3616 ltem
447 3554 585 3614 lacobus
610 3553 745 3635 Kupycb
771 3552 848 3615 feria
872 3554 968 3615 tercia
997 3556 1095 3617 tercio
1120 3575 1152 3616 se
1176 3555 1294 3637 jurabit
1318 3554 1404 3637 quod
1431 3555 1498 3637 ipse

240 3661 398 3742 quosdam
422 3659 512 3740 palos
535 3660 567 3721 in
592 3660 671 3721 silva
695 3660 850 3721 Johannis
874 3661 972 3722 Vasas
996 3682 1060 3723 non
1085 3662 1283 3724 subcidisset.

346 3767 423 3827 ltem
448 3765 533 3827 idem
556 3767 693 3828 Jacobus
711 3765 786 3828 leria
809 3767 905 3829 tercia
930 3769 1028 3829 tercio
1045 3789 1077 3829 se
1095 3769 1211 3849 jurabit
1235 3788 1329 3850 super
1353 3768 1498 3850 eoquod

241 3873 307 3954 ipse
333 3873 418 3953 ligna
444 3872 608 3932 cuiusdam
634 3872 748 3933 kuchie
773 3873 928 3934 Johannis
952 3875 1049 3935 Vasas
1074 3895 1137 3936 non
1162 3875 1377 3936 subtraxisset.

346 3977 422 4038 Item
447 3978 581 4059 provide
599 3978 730 4039 domine
748 3994 921 4058 consortes,
946 3981 1111 4041 Michaelis
1129 3980 1328 4064 Orthollych,
1346 3981 1501 4042 lobannis

243 4084 368 4164 nepotis
400 4084 541 4144 custodis
573 4098 603 4146 et
634 4085 765 4146 domina
798 4085 969 4147 Katherina
996 4088 1104 4149 relicta
1136 4088 1259 4149 Nicolai
1293 4087 1370 4148 feria
1402 4087 1499 4149 te'rcia

241 4189 385 4270 quelibet
409 4208 518 4250 earum
543 4191 638 4252 tercia
671 4210 703 4250 se
727 4211 822 4271 super
853 4211 892 4253 eo
923 4191 1082 4272 jurabunt,
1115 4194 1202 4274 quod
1235 4194 1301 4276 ipse
1334 4193 1500 4254 dominam

242 4293 396 4356 lobannis
420 4315 485 4356 non
511 4296 742 4377 vituperassent
765 4317 869 4378 neque
894 4300 1121 4361 verberassent.

345 4399 422 4461 ltem
448 4401 532 4462 lwan
557 4402 719 4483 quandam
744 4403 870 4463 vineam
896 4423 1001 4465 emere
1026 4418 1139 4486 potest.

347 4507 425 4569 ltem
444 4507 603 4590 Georgius
621 4508 859 4570 molendinator
877 4508 953 4571 leria
977 4511 1074 4572 tercia
1091 4530 1186 4592 super
1210 4531 1248 4572 eo
1266 4510 1393 4591 jurabit,
1410 4511 1499 4593 quod

240 4610 306 4693 ipse
338 4612 423 4675 lwan
457 4615 581 4676 duabus
613 4615 726 4674 marcis
765 4634 829 4675 non
862 4617 1045 4697 spoliasset,
1088 4631 1118 4678 et
1149 4616 1209 4678 hoc
1241 4617 1435 4680 duodecimo
1466 4638 1499 4680 se

241 4716 435 4783 hominibus.
