3472 5234
631 356 716 413 Anno
740 353 829 432 1376.
855 389 897 399 —
916 370 949 431 5.
974 357 1100 428 augusti.
1459 373 1496 433 53

234 565 275 628 sit
298 566 331 627 in
355 565 542 648 perdicione
566 566 780 648 quarumdam
804 568 969 629 literarum
987 566 1018 626 in
1044 565 1119 627 dote
1137 565 1417 647 expedienciarum
1442 585 1499 648 per

236 672 407 734 Crisanum
432 673 521 755 olym
545 687 690 735 nostrum
714 674 880 736 concivem
908 685 1017 734 contra
1042 672 1209 734 dominam
1240 672 1396 733 Dicauam
1420 692 1495 733 con·

234 791 352 840 sortem
376 799 479 857 suam,
503 779 657 841 cassando
682 781 787 862 ipsum
812 779 1028 860 juramentum
1060 779 1149 859 quod
1173 778 1311 840 debebat
1333 798 1366 838 se
1390 792 1497 840 sextus

237 883 398 966 deponere
422 900 667 948 sacramentum.

340 1008 419 1071 Item
444 1008 521 1071 Sara
544 1029 578 1071 se
602 1010 718 1070 tercius
742 1010 859 1092 jurabit
890 1009 922 1069 in
946 1029 995 1087 e0,
1025 1007 1103 1071 feria
1126 1021 1212 1070 sexta
1245 1028 1329 1070 nunc
1353 1008 1499 1090 proxime

237 1129 381 1194 ventura,
407 1129 516 1177 contra
540 1115 760 1177 Alexandrum
783 1116 995 1176 habitatorem
1015 1128 1122 1176 nostre
1147 1115 1293 1191 civitatis,
1317 1112 1406 1195 quod
1431 1114 1498 1195 ipse

235 1220 376 1282 eundem
399 1221 630 1300 Alexandrum,
656 1222 687 1282 in
712 1223 763 1283 via
792 1221 920 1302 publica
952 1236 1083 1282 euntem
1107 1234 1138 1282 et
1169 1220 1397 1302 procedentem
1420 1232 1500 1280 tem·

235 1346 313 1409 pore
337 1327 490 1405 serotin0‚
514 1347 580 1388 non
612 1327 820 1408 captivaverit
851 1347 909 1388 nec
933 1327 1092 1409 captivare
1125 1325 1245 1404 fecerit,
1271 1346 1329 1387 nec
1354 1326 1500 1386 verbera·
1544 1364 1548 1371 ·

233 1432 324 1511 verit,
344 1452 402 1494 nec
419 1434 561 1514 aliquam
579 1434 758 1496 molestiam
776 1433 919 1494 intulerit
931 1433 1060 1515 propria
1077 1432 1263 1493 auctoritate
1281 1446 1335 1493 aut
1351 1431 1500 1512 nequicia

233 1539 440 1621 precogitata.
465 1540 597 1602 Peracto
626 1540 735 1622 itaque
765 1540 944 1620 juramento
969 1540 1067 1621 ipsius
1090 1540 1178 1617 Sara,
1202 1539 1361 1621 predictas
1386 1538 1498 1600 decem

234 1663 355 1707 marcas
378 1645 410 1707 in
435 1646 553 1727 quibus
576 1647 742 1707 convictus
765 1644 833 1707 iore
857 1645 1013 1706 existebat
1036 1643 1229 1707 revocando.

260 1880 357 1955 lesia
385 1886 492 1956 tercia
520 1887 675 1974 proxima
704 1887 738 1955 in
771 1884 857 1955 sesto
884 1883 1043 1954 videlicet
1069 1884 1160 1954 beati
1189 1881 1342 1955 Wsaaldi
1371 1884 1470 1971 regis,

514 2017 631 2079 sancte
660 2008 763 2079 Marie
792 2008 831 2078 de
860 2007 940 2079 Nive
968 2013 1003 2077 et
1029 2007 1204 2079 Dominici.

765 2178 806 2254 (5.
829 2179 969 2251 auguste).

339 2335 448 2397 Primo
483 2334 559 2396 luan
597 2348 707 2396 contra
743 2335 891 2396 Kaukam
926 2336 1096 2397 mulierem
1137 2335 1242 2417 primo
1285 2333 1398 2395 citatus
1431 2353 1497 2396 non

235 2442 423 2524 comparuit.

339 2547 418 2608 ltem
435 2545 591 2607 Martinus
607 2546 716 2626 ergavi
741 2559 851 2607 contra
872 2546 1053 2609 iohannem
1071 2561 1186 2608 octavo
1203 2546 1256 2607 die
1280 2545 1496 2628 respondebit.

338 2653 417 2715 Item
441 2653 551 2714 Katria
576 2652 692 2713 mulier
715 2672 748 2715 se
767 2653 864 2714 tercia
880 2667 995 2714 octavo
1020 2654 1071 2714 die
1095 2653 1213 2735 jurabit
1228 2672 1324 2734 super
1341 2671 1390 2730 e0,
1408 2651 1497 2733 quod

234 2761 300 2843 ipsa
324 2760 423 2822 inscia
447 2759 487 2820 sit
510 2758 542 2819 in
568 2759 709 2840 quodam
735 2760 856 2821 monile
881 2760 996 2822 ancille
1021 2759 1149 2821 Andree
1175 2758 1242 2821 Sib.

338 2867 417 2928 ltem
431 2865 551 2927 Mathia
568 2865 728 2927 aurifaber
744 2880 853 2928 contra
871 2867 957 2949 Span
975 2867 1079 2949 primo
1097 2866 1210 2926 citatus
1222 2884 1288 2926 non
1305 2865 1495 2947 comparuit.

339 2972 418 3034 Item
451 2971 535 3033 lwan
568 2971 705 3033 condam
735 2991 831 3055 preco
862 2987 971 3034 contra
1003 2972 1139 3033 Paulum
1172 2972 1281 3053 Kypar
1305 2983 1419 3031 octavo
1444 2970 1495 3032 die

234 3079 450 3161 respondebit.

340 3184 418 3247 ltem
442 3185 604 3247 Vrbanich
628 3199 737 3248 contra
763 3187 897 3248 Paulum
924 3187 1033 3268 Kypar
1057 3185 1162 3267 primo
1179 3185 1292 3246 citatus
1315 3203 1381 3245 non
1409 3202 1496 3244 com-

234 3291 347 3373 paruit

338 3395 415 3458 ltem
448 3397 592 3460 Francha
623 3398 784 3460 aurifaber
815 3413 924 3461 contra
956 3397 1192 3479 Margaretham
1224 3396 1393 3458 mulierem
1425 3409 1497 3478 post

232 3522 327 3563 suurn
350 3503 523 3565 adventum
547 3525 642 3586 super
673 3506 889 3587 occupacione
921 3504 1049 3585 frugum
1075 3521 1204 3563 suarum
1233 3501 1441 3583 respondebit
1465 3514 1496 3562 et

234 3608 301 3689 jura
326 3609 472 3671 ostendet
495 3611 521 3670 si
546 3631 609 3693 qua
633 3612 780 3673 habuerit
804 3613 835 3672 in
860 3611 1032 3694 premissis.

338 3715 416 3777 ltem
441 3735 536 3777 causa
568 3717 690 3777 Miclini
724 3731 754 3779 et
780 3718 918 3799 Baptiste
952 3730 998 3779 est
1021 3737 1078 3799 per
1101 3717 1282 3778 iohannem
1315 3715 1429 3776 Lieber
1454 3713 1495 3775 ad

233 3833 306 3883 octo
330 3821 398 3882 dies
425 3835 607 3904 prorogata.

338 3928 415 3988 ltem
441 3928 533 3988 ca'usa
565 3929 765 4009 Margarethe
796 3929 904 3991 relicte
937 3929 1045 3990 Rados
1076 3943 1185 3991 contra
1217 3929 1374 3989 Jacobum
1405 3926 1494 4008 pelli·

233 4032 324 4095 ficem
350 4046 395 4096 est
420 4034 458 4095 ad
483 4033 657 4095 adventum
675 4036 773 4117 ipsius
797 4036 906 4096 Jacobi
924 4036 964 4097 ad
981 4036 1121 4117 primum
1138 4034 1294 4115 judicium
1311 4046 1492 4116 prorogata.

339 4138 416 4201 ltem
442 4140 566 4220 Regina
598 4153 707 4202 contra
740 4140 933 4221 Gregorium
959 4155 989 4202 et
1022 4140 1199 4221 Georgium
1231 4154 1346 4202 octavo
1370 4140 1422 4201 die
1447 4159 1494 4201 re·

234 4246 414 4328 spondebit.

339 4353 417 4415 Item
443 4352 603 4434 Georgius
627 4368 736 4415 contra
770 4355 916 4415 Markum
945 4354 1066 4416 Gemez
1098 4368 1170 4436 post
1202 4373 1297 4415 suum
1321 4353 1495 4415 adventum

234 4457 273 4519 de
297 4459 451 4521 nundinis
475 4459 607 4520 Petouie
633 4459 737 4541 primo
761 4460 882 4540 jndicio
907 4460 1122 4543 respondebit.

339 4565 417 4626 ltem
443 4565 618 4646 Gregorius
643 4580 752 4627 contra
777 4567 907 4626 luanam
933 4580 1046 4626 octavo
1071 4566 1123 4626 die
1148 4564 1364 4646 respondebit.

339 4690 418 4752 ltem
450 4710 543 4750 causa
575 4689 730 4750 iohannis
761 4704 792 4751 et
824 4690 932 4752 Sibich
964 4704 1108 4751 sutorum
1133 4704 1180 4751 est
1211 4709 1266 4771 per
1291 4689 1493 4750 Clementem

234 4809 375 4859 sutorem
399 4811 430 4858 et
453 4796 589 4858 alterum
614 4795 817 4858 Clementem
844 4797 884 4856 ad
908 4810 981 4857 octo
1007 4795 1075 4856 dies
1098 4808 1223 4877 recepta
1248 4795 1288 4855 ad
1312 4814 1434 4877 pacem.
