3472 5234
623 374 708 431 Anno
732 384 818 449 1375.
845 348 885 415 ’-
909 368 959 433 16.
983 373 1093 432 martii.
1478 391 1497 452 9

338 588 417 650 Item
441 587 474 648 in
498 585 670 668 quindenis
687 584 798 646 Punek
822 583 917 646 debet
937 584 1100 645 racionem
1117 601 1237 665 ponere
1261 600 1334 642 cum
1359 581 1495 643 Nicolao

233 691 301 755 filio
325 692 476 756 Wlkech.

339 799 417 861 Item
440 799 567 861 Ferlich
591 811 701 860 contra
726 796 961 880 Margaretham
985 811 1100 859 octavo
1125 796 1177 859 die
1202 795 1419 879 respondebit.

339 905 416 967 item
441 906 560 968 Paulus
577 919 686 967 contra
707 903 872 966 Thomnm
889 917 1030 965 sutorem
1047 917 1161 968 octavo
1186 903 1238 965 die
1255 923 1311 984 per
1333 902 1497 964 Donatum

233 1010 372 1093 juratum
404 1025 435 1074 et
467 1013 635 1074 Marenum
666 1011 900 1094 comprobabit,
932 1010 1020 1091 quod
1052 1010 1156 1093 ipsum
1191 1010 1295 1072 dictus
1319 1010 1442 1071 Tomas
1466 1009 1499 1070 in

234 1118 337 1199 capite
360 1117 566 1181 vulnerasset.

144 1214 147 1219 ’
340 1225 418 1286 Item
444 1226 600 1288 Salomon
625 1238 739 1287 octavo
764 1224 815 1286 die
840 1238 871 1286 et
894 1223 1005 1286 fratres
1028 1223 1170 1286 minores
1193 1222 1312 1285 debent
1334 1221 1403 1304 jura
1426 1240 1499 1303 pro·

236 1329 363 1409 ducere,
387 1331 413 1393 si
437 1352 500 1412 qua
524 1332 655 1410 habent,
679 1351 774 1413 super
798 1330 896 1392 domo
921 1330 996 1391 luan
1021 1328 1078 1391 filii
1103 1328 1331 1392 Obramkonis.

339 1436 418 1500 Item
443 1436 520 1498 feria
545 1452 630 1498 sexta
656 1438 812 1498 Martinus
823 1436 1043 1518 'carpentarius
1063 1435 1169 1497 literas
1193 1433 1341 1517 Gregorii
1367 1433 1499 1496 Scortha

236 1541 384 1606 exhibere
408 1542 549 1620 debebit,
573 1545 691 1625 quibus
714 1545 790 1605 visis
813 1543 970 1624 justiciam
995 1542 1149 1604 faciemus
1173 1543 1255 1604 inter
1278 1553 1392 1624 partes.

341 1650 420 1712 Item
437 1651 513 1712 Iuan
531 1650 563 1711 in
580 1650 753 1731 quindenis
769 1650 905 1711 Crisano
926 1648 1005 1710 duas
1022 1667 1144 1710 marcas
1163 1647 1368 1709 denariorum
1385 1646 1498 1707 solvet.

342 1755 420 1817 Item
444 1755 699 1837 adjudicavimus
731 1756 820 1838 quod
853 1757 969 1817 domos
1000 1754 1137 1817 condam
1169 1755 1259 1815 Kutk
1282 1752 1390 1814 nullus
1421 1751 1500 1812 alter

238 1881 342 1924 emere
367 1862 467 1944 possit
491 1863 551 1924 nisi
576 1862 729 1924 Nicolaus
757 1861 842 1924 filius
866 1861 1024 1924 Odolasii.

343 1969 420 2031 Item
452 1968 577 2030 Blasius
601 1968 787 2051 Mykoulich
820 1982 934 2030 octavo
963 1968 1014 2029 die
1046 1988 1078 2029 se
1110 1980 1215 2030 sextus
1239 1964 1355 2048 jurabit
1386 1965 1419 2025 in
1452 1983 1500 2041 eo,

237 2074 467 2156 quodquidam
481 2074 588 2136 lardus
601 2075 660 2136 sibi
671 2074 763 2136 datus
776 2073 887 2136 fuisset
899 2074 939 2136 ad
954 2073 1210 2137 conservandum
1224 2091 1279 2152 per
1297 2070 1500 2153 Mosnarych.

342 2181 420 2243 Item
446 2180 637 2264 Mosnarych
654 2200 687 2242 se
703 2182 820 2242 tercius
843 2180 961 2262 jurabit
980 2181 1012 2242 in
1026 2200 1077 2259 eo,
1101 2179 1189 2262 quod
1208 2179 1274 2262 ipse
1300 2176 1408 2239 lardus
1424 2196 1500 2237 suus

237 2284 348 2349 fuisset
371 2301 402 2348 et
426 2300 516 2349 esset.

342 2393 419 2455 Item
444 2393 609 2455 Emericus
633 2406 747 2455 octavo
772 2393 823 2455 die
847 2394 1068 2456 testimonium
1086 2394 1241 2475 producet
1264 2411 1321 2474 per
1344 2409 1427 2471 quos
1444 2408 1500 2470 po·

235 2498 318 2577 terit,
342 2498 430 2581 quod
454 2499 594 2580 quedam
618 2519 700 2580 equa
724 2520 781 2561 sua
805 2513 836 2563 et
860 2499 959 2581 ipsius
982 2500 1083 2582 patris
1106 2498 1228 2561 fuisset.

342 2605 420 2666 item
451 2606 516 2688 Syb
548 2605 695 2667 Andreas
725 2620 835 2668 contra
864 2606 1080 2689 Dragozlaum
1113 2605 1256 2668 secundo
1292 2603 1404 2664 citatus
1435 2621 1501 2662 non

238 2710 426 2794 comparuit.

344 2817 421 2879 item
445 2817 607 2880 Johannes
639 2819 736 2880 Liber
765 2833 874 2881 contra
906 2820 1108 2902 Mychaelem
1140 2817 1266 2879 fabrum
1290 2812 1433 2875 secundo
1458 2813 1500 2874 ci-

237 2938 320 2986 tatus
342 2943 407 2986 nnn
432 2925 620 3007 comparuit.

346 3032 425 3093 Item
448 3032 525 3093 luan
543 3030 685 3115 Bray(s)e
702 3046 816 3094 octavo
831 3032 882 3093 die
900 3053 955 3114 per
972 3032 1150 3093 Barnabam
1167 3028 1366 3092 sacerdotem
1390 3040 1421 3088 et
1444 3025 1503 3087 Pe·

240 3149 326 3200 trum
351 3137 424 3199 Moz
449 3157 484 3198 ac
502 3138 673 3199 Lucasium
690 3138 911 3200 testimonium
928 3136 1084 3219 producet
1099 3154 1194 3219 super
1215 3154 1264 3214 eo,
1282 3132 1370 3215 quod
1387 3132 1503 3194 domus

240 3242 272 3304 in
296 3262 360 3325 qua
384 3257 492 3306 manet
515 3244 575 3306 sibi
599 3263 655 3327 per
680 3244 880 3308 Marethkam
904 3257 985 3305 esset
1008 3243 1139 3305 dimissa
1163 3255 1195 3304 et
1218 3240 1381 3303 devoluta.

345 3349 423 3411 ltem
447 3350 472 3412 si
497 3350 628 3413 domina
660 3351 770 3413 relicta
802 3350 944 3432 magistri
976 3349 1100 3411 Nicolai
1126 3349 1263 3410 condam
1290 3345 1401 3408 Touth
1434 3344 1503 3407 Cri·

239 3475 318 3517 sano
342 3474 443 3538 usque
472 3456 558 3518 diem
591 3470 740 3519 octavum
772 3477 837 3519 non
868 3456 982 3535 solvet,
1007 3469 1121 3517 extunc
1153 3454 1213 3516 sibi
1238 3453 1306 3535 jura
1330 3451 1503 3514 literatorie

241 3560 389 3623 dabimus
412 3562 451 3623 de
476 3563 649 3645 premissis.

346 3668 424 3730 Item
448 3688 541 3730 causa
566 3669 676 3731 Jacobi
701 3682 732 3731 et
748 3668 881 3750 Georgii
906 3668 1015 3750 Rybar
1032 3665 1134 3729 estad
1153 3678 1226 3729 octo
1244 3663 1313 3727 dies
1336 3683 1392 3746 per
1407 3677 1504 3725 testes

239 3788 365 3858 recepta
388 3773 429 3837 ad
453 3794 575 3858 pacem.

328 3989 426 4065 Feria
453 3999 552 4066 sexta
578 3996 733 4083 proxima
760 4001 838 4084 post
864 3993 988 4066 festum
1015 3995 1106 4066 beati
1134 3992 1286 4082 Gregorii
1314 4011 1406 4082 pape.

764 4145 830 4224 (16.
854 4149 976 4223 martii).

347 4286 457 4348 Primo
481 4305 574 4348 causa
598 4287 705 4368 Egidii
730 4287 876 4369 Hungari
909 4301 940 4350 et
964 4287 1102 4349 Lucacbi
1134 4285 1291 4369 selliparis
1314 4283 1424 4346 estad
1449 4283 1504 4345 ad-

245 4405 374 4454 ventum
399 4391 438 4453 de
462 4393 567 4454 Roma
598 4393 697 4475 ipsius
729 4393 879 4455 Lucachii
908 4407 1077 4476 prorogata
1102 4391 1142 4452 ad
1174 4391 1328 4473 judicium
1353 4391 1503 4473 primum.

349 4498 428 4560 Item
451 4498 626 4581 Dyonisius
643 4497 731 4561 faber
752 4513 861 4562 contra
879 4499 1062 4561 Emericum
1079 4511 1193 4560 octavo
1210 4497 1262 4559 die
1285 4495 1503 4578 respondebit.

349 4603 427 4666 Item
437 4605 452 4665 J
456 4604 599 4666 ohannes
608 4618 716 4667 contra
728 4606 904 4688 Symonem
914 4603 1214 4667 carnificemoctavo
1224 4602 1276 4664 die
1286 4602 1502 4684 respondebit.

349 4690 427 4772 Item
451 4729 545 4772 causa
566 4694 698 4772 'Martini
724 4709 804 4773 fabri
829 4725 860 4774 et
884 4711 1013 4773 Martini
1040 4708 1229 4791 carpentarii
1254 4720 1300 4770 est
1322 4727 1379 4790 per
1403 4707 1504 4769 Micu-

244 4814 328 4877 sium
351 4828 382 4879 et
405 4816 568 4878 Donatum
592 4816 633 4878 ad
656 4828 770 4878 octavo
794 4817 862 4878 dies
885 4829 1010 4898 recepta
1035 4814 1075 4876 ad
1098 4834 1220 4897 pacem.
