3472 5234
588 362 672 419 Anno
695 357 785 438 1376.
812 395 850 404 -
874 375 905 438 4.
930 363 1042 435 aprilis.
1417 378 1455 439 35

305 572 383 634 Item
418 571 572 633 Nicolaus
607 582 716 633 contra
752 569 895 632 relictam
931 568 1035 652 Frych
1070 567 1212 631 secundo
1246 567 1359 630 citatus
1393 586 1459 629 non

199 677 387 760 comparuit.

304 782 382 844 Item
407 780 564 843 Martinus
588 779 758 862 Zequirich
779 794 888 843 contra
913 780 1057 842 Francha
1073 794 1147 863 post
1169 780 1267 843 Pasca
1290 780 1396 863 primo
1412 778 1460 862 ju-

201 889 285 952 dicio
315 886 532 971 respondebit.

304 996 383 1057 Item
408 992 588 1077 Stephanus
613 991 699 1055 filius
723 993 879 1055 Iohannis
902 1007 1012 1056 contra
1036 992 1162 1056 Malech
1187 992 1226 1055 de
1250 993 1461 1056 Wlkomerch

199 1101 304 1185 primo
328 1101 441 1162 citatus
465 1119 531 1162 non
555 1100 744 1181 comparuit.

304 1206 381 1268 Item
418 1205 526 1267 Lachk
560 1204 698 1287 lapicida
743 1218 851 1267 contra
888 1204 1065 1287 Georgium
1104 1206 1209 1287 primo
1245 1205 1360 1267 citatus
1394 1223 1461 1266 non

200 1313 388 1395 comparuit.

306 1419 384 1481 Item
417 1417 576 1499 Georgius
607 1429 717 1479 contra
749 1417 942 1479 Murkonem
977 1433 1049 1500 post
1072 1418 1170 1479 Pasca
1201 1416 1318 1498 jurabit
1348 1416 1381 1478 in
1411 1435 1462 1496 eo,

202 1538 336 1607 quantas
368 1544 520 1606 expensas
548 1524 698 1606 expendit
726 1522 766 1585 ad
794 1524 990 1607 sepulturam
1015 1524 1190 1586 Katherine
1221 1524 1382 1602 mulieris;
1414 1544 1461 1586 re·

201 1631 329 1693 siduum
361 1643 468 1692 autem
499 1630 641 1712 ipsorum
676 1630 939 1692 vestimentorum
970 1630 1135 1692 videlicet:
1171 1630 1332 1710 tunicam,
1356 1649 1459 1692 unum

200 1735 376 1815 florenum,
424 1755 476 1796 sex
511 1736 591 1797 kitas
623 1736 663 1797 de
697 1736 788 1815 IIno‚
824 1736 889 1798 duo
924 1735 1112 1798 linteamina
1150 1755 1186 1798 ac
1225 1736 1459 1818 quinquaginta

200 1843 292 1905 ulnas
314 1843 388 1905 tele.

303 1948 381 2010 Item
406 1947 514 2009 reIIcta
540 1947 717 2009 Sabastiani
743 1960 815 2029 post
842 1948 937 2009 Pasca
970 1948 1075 2030 primo
1099 1947 1219 2030 judicio
1251 1947 1369 2030 jurabit
1392 1948 1460 2010 sola

201 2074 335 2137 persona
359 2069 467 2116 contra
493 2052 647 2114 Mathiam
670 2051 866 2115 aurifabrum
892 2055 924 2114 in
949 2073 999 2132 eo,
1023 2053 1111 2135 quod
1136 2054 1203 2136 ipsa
1229 2054 1328 2116 nescit
1352 2066 1458 2115 utrum

201 2160 406 2223 SabastIanus
430 2178 483 2220 sex
508 2157 588 2220 cifos
610 2172 778 2240 argenteos
802 2159 955 2241 receperit
978 2160 1018 2221 ab
1042 2158 1168 2221 eodem.

305 2265 384 2327 Item
412 2265 444 2325 in
476 2264 647 2344 quindenis
678 2264 718 2326 de
749 2264 843 2326 bonis
873 2265 972 2326 Marci
996 2262 1053 2326 filii
1086 2265 1246 2326 Leonardi
1279 2265 1458 2327 Marketoni

200 2369 361 2432 aurifabro
385 2368 596 2452 quadraginta
621 2369 733 2431 floreni
758 2370 877 2432 debent
897 2370 1029 2450 exsolvi,
1052 2390 1148 2452 super
1172 2371 1290 2452 quibus
1313 2371 1463 2453 deposuit

202 2477 429 2559 juramentum.

304 2582 383 2644 Item
408 2582 508 2643 Elena
533 2582 565 2641 in
590 2581 762 2662 quindenis
794 2582 880 2643 Luce
904 2581 1042 2643 carnifici
1074 2601 1173 2643 unam
1198 2601 1337 2643 marcam
1363 2581 1460 2642 dena-

200 2689 320 2750 riorum
346 2701 377 2749 et
400 2685 499 2768 judici
524 2687 758 2768 quinquaginta
783 2687 930 2749 denarios
955 2687 1106 2749 exsolvet.

306 2793 384 2855 Item
416 2812 509 2854 causa
542 2790 696 2875 Gyurgek
728 2806 758 2854 et
790 2793 916 2855 Nicolai
947 2805 994 2853 est
1026 2812 1082 2875 per
1115 2792 1235 2874 juratos
1259 2793 1299 2853 ad
1323 2792 1463 2875 prImum

201 2899 355 2981 judicium
379 2911 452 2981 post
475 2899 571 2960 Pasca
596 2911 767 2979 prorogata
792 2899 920 2960 racione
941 2899 1103 2959 bonorum
1129 2897 1268 2960 Strosak.

308 3004 386 3066 Item
420 3023 514 3065 causa
548 3002 680 3085 Georgii
714 3002 879 3066 familiaris
907 3003 1060 3086 prepositi
1084 3016 1115 3065 et
1146 3001 1300 3065 Iohannis
1324 3015 1370 3063 est
1392 3015 1465 3084 post

201 3112 297 3172 Pasca
321 3110 361 3172 ad
385 3109 524 3192 primum
549 3108 705 3191 judicium
730 3122 912 3192 prorogata.

308 3216 385 3278 Item
409 3216 522 3277 Petrus
545 3228 655 3277 contra
683 3215 903 3277 Alexandrum
934 3216 1039 3298 primo
1063 3216 1183 3298 judicio
1215 3229 1286 3297 post
1310 3215 1407 3277 Pasca
1431 3234 1464 3276 se

202 3321 360 3383 secundus
388 3320 506 3403 jurabit
535 3321 568 3383 in
601 3340 650 3399 eo,
683 3321 771 3401 quod
795 3321 862 3403 ipse
894 3341 952 3383 nec
983 3323 1086 3404 ipsum
1119 3341 1178 3383 nec
1209 3341 1299 3383 suam
1332 3339 1465 3382 uxorem

203 3427 440 3510 vituperaverit.

307 3532 386 3593 Item
410 3532 600 3593 secundario
626 3532 711 3593 idem
736 3533 848 3594 Petrus
879 3552 912 3593 se
942 3532 1073 3613 quintus
1104 3532 1222 3615 jurabit
1245 3532 1278 3593 in
1302 3550 1351 3610 eo,
1376 3529 1465 3612 quod

202 3638 268 3721 ipse
293 3638 436 3720 predicto
461 3638 645 3699 Alexandro
669 3639 814 3719 quinque
832 3658 954 3700 marcas
971 3638 1178 3700 denariorum
1202 3657 1268 3699 non
1291 3649 1464 3699 teneretur.

307 3743 383 3805 Item
419 3763 512 3805 causa
542 3743 647 3804 Deseu
683 3744 723 3805 de
748 3744 894 3805 Zanabor
931 3757 961 3805 et
993 3743 1083 3805 Hans
1119 3758 1165 3806 est
1188 3763 1245 3826 per
1268 3743 1390 3825 juratos
1425 3741 1466 3804 ad

202 3849 340 3931 primum
363 3849 519 3931 judicium
543 3862 615 3930 post
639 3849 733 3911 Pasca
758 3863 938 3931 prorogata.

306 3955 385 4018 Item
410 3975 503 4017 causa
527 3954 583 4016 filii
609 3956 696 4016 Nork
721 3969 751 4016 et
774 3954 905 4037 Georgii
929 3957 1059 4018 sartoris
1084 3968 1130 4016 est
1153 3955 1194 4018 ad
1217 3955 1358 4037 prImum
1382 3951 1467 4035 judi·

203 4061 287 4124 cium
311 4074 384 4145 post
408 4062 505 4123 Pasca
528 4075 699 4144 prorogata
723 4060 764 4123 ad
788 4061 1006 4124 exhibendum
1033 4063 1253 4123 instrumenta.

310 4166 387 4228 Item
413 4169 564 4248 magister
589 4167 696 4229 Paulis
724 4169 866 4229 notarius
894 4188 989 4251 super
1014 4188 1078 4250 quo
1102 4167 1219 4249 jurabit
1243 4178 1351 4228 contra
1376 4164 1467 4226 Salo·

206 4291 336 4334 monem
360 4273 466 4356 primo
495 4273 615 4355 judicio
648 4287 719 4355 post
743 4274 840 4335 Pasca
872 4294 966 4356 super
997 4274 1220 4336 devastacione
1251 4272 1300 4333 sui
1324 4283 1413 4332 ortus
1436 4283 1468 4331 et

205 4375 319 4440 domus
349 4379 388 4441 de
410 4381 503 4442 Nova
532 4379 618 4458 villa,
650 4379 736 4440 idem
770 4381 925 4442 Salomon
957 4381 1120 4441 exsolvere
1152 4378 1281 4440 debebit
1313 4376 1466 4458 magistro

205 4482 305 4546 Paulo
330 4485 501 4547 antedicto.

309 4590 388 4653 Item
412 4611 468 4674 per
492 4590 643 4672 judicem,
660 4590 781 4674 juratos
805 4604 952 4653 ettotam
977 4591 1240 4653 communitatem
1264 4586 1325 4650 tuit
1341 4587 1465 4669 adjudi-

206 4709 312 4759 catum
336 4710 369 4759 et
392 4694 577 4775 diffinitum,
610 4698 698 4778 quod
730 4697 1001 4779 quandocumque
1026 4696 1065 4758 de
1098 4709 1203 4758 cetero
1227 4694 1328 4756 Elena
1352 4692 1468 4755 mulier

206 4802 392 4884 magistrum
418 4803 575 4865 Jacobum
599 4803 761 4866 medicum
784 4815 840 4866 aut
862 4822 952 4865 suam
986 4802 1141 4865 familiam
1164 4799 1392 4911 vituperavepit
1415 4798 1467 4859 vel
