3472 5234
285 329 346 388 262
648 330 735 385 Anno
757 323 851 404 1386.
876 360 919 370 —
943 342 973 404 4.
998 328 1170 402 septembris.

389 537 468 599 Item
500 557 593 599 causa
619 537 773 599 Iohannis
803 537 919 599 literati
951 550 1060 598 contra
1085 537 1187 619 Kyriu
1220 537 1260 598 ad
1284 551 1434 600 octavum
1459 538 1546 599 diem

284 645 324 705 ad
347 664 458 726 pacem
487 657 534 705 est
557 657 693 726 recepta.

390 750 468 812 Item
493 770 586 811 causa
610 749 772 811 Dominici
798 764 908 811 contra
936 748 1117 810 Mosnarich
1154 748 1193 809 ad
1218 762 1367 810 octavum
1392 749 1479 810 diem
1507 749 1547 810 ad

284 875 394 937 pacem
421 870 467 918 est
491 870 628 938 recepta.

390 961 469 1024 Item
486 961 598 1022 Hernk
622 974 731 1022 contra
757 960 914 1021 Briccium
941 960 1045 1042 prImo
1070 960 1183 1021 citatus
1207 979 1271 1022 non
1296 961 1485 1042 comparuit.

390 1067 467 1129 Item
492 1067 658 1128 Emericus
682 1079 792 1128 contra
817 1063 957 1127 Golozlo
985 1079 1100 1127 octavo
1125 1066 1177 1126 die
1201 1066 1418 1147 respondebit.

389 1172 467 1233 Item
492 1192 586 1233 causa
610 1171 750 1253 Philippi
775 1185 884 1232 contra
902 1171 994 1231 Duch
1019 1184 1050 1232 ct
1074 1169 1251 1253 Gyurgiam
1276 1171 1419 1234 relictam
1436 1170 1547 1253 Sydou

284 1278 324 1339 ad
348 1291 498 1340 octavum
524 1278 611 1339 diem
635 1277 675 1339 ad
700 1296 811 1359 pacem
836 1291 882 1336 est
906 1289 1043 1358 recepta.

391 1384 469 1445 Item
501 1383 693 1445 Benedictus
718 1382 880 1465 Scornych
906 1397 936 1444 et
961 1382 1072 1444 Petrus
1104 1381 1199 1444 frater
1227 1403 1303 1445 suus
1327 1397 1436 1445 contra
1461 1383 1548 1466 Gya·

283 1490 395 1551 uiuum
421 1502 536 1550 octavo
561 1489 612 1550 die
638 1488 889 1571 respondebunt.

390 1595 466 1656 Item
493 1595 629 1656 Iacobus
654 1594 778 1656 institor
794 1607 903 1655 contra
928 1593 1107 1655 Iohannem
1132 1593 1232 1655 filium
1260 1594 1415 1656 Hermoni
1440 1596 1545 1677 primo

283 1702 397 1763 citatus
420 1720 484 1762 non
514 1701 703 1782 comparuit.

392 1807 469 1867 Item
495 1804 641 1867 Thomas
665 1806 881 1886 carpentarius
913 1820 1022 1866 contra
1055 1805 1184 1867 Petrum
1208 1806 1313 1886 primo
1345 1806 1458 1867 citatus
1481 1825 1546 1867 non

284 1912 474 1994 comparuit.

390 2016 468 2078 Item
495 2016 676 2078 Maschicha
700 2030 810 2078 contra
829 2014 958 2078 Gerdak
975 2016 1118 2078 secundo
1143 2017 1256 2078 citatus
1272 2036 1338 2077 non
1356 2016 1545 2099 comparuit.

390 2123 468 2183 Item
492 2123 676 2184 Hermanus
700 2119 789 2184 faber
812 2136 923 2184 contra
949 2120 1142 2203 Gregorium
1175 2123 1317 2183 secundo
1342 2123 1455 2183 citatus
1479 2141 1544 2183 uon

283 2228 473 2312 comparuit.

388 2335 467 2396 Item
503 2334 683 2416 Stephanus
717 2335 859 2396 salivena
892 2349 1001 2396 contra
1037 2335 1232 2416 Agustinum
1264 2349 1378 2396 octavo
1410 2334 1461 2395 die
1498 2353 1546 2395 re·

282 2441 465 2524 spondebit.

386 2546 465 2608 Item
490 2547 593 2609 Joffan
618 2561 727 2609 contra
752 2547 875 2609 Jursich
899 2547 1004 2630 primo
1033 2547 1146 2608 citatus
1169 2566 1235 2608 non
1257 2546 1446 2627 comparuit.

387 2653 466 2715 Item
499 2652 644 2735 Mathyas
668 2653 789 2733 juratus
822 2653 974 2734 premissa
1009 2673 1064 2713 sua
1099 2652 1294 2733 juramenta:
1327 2652 1432 2733 primo
1456 2650 1546 2713 solus

281 2780 377 2842 super
402 2780 452 2838 eo,
476 2760 564 2841 quod
597 2760 664 2841 ipse
689 2761 817 2841 triginta
840 2761 946 2821 minus
978 2779 1044 2820 uno
1069 2758 1138 2821 flor.
1163 2759 1232 2820 auri
1264 2758 1399 2819 Nicolao
1424 2758 1463 2819 de
1488 2758 1547 2818 Za·

283 2867 386 2928 uersia
403 2866 529 2927 debitor
546 2886 611 2926 non
629 2864 749 2942 fuisset,
767 2885 802 2925 ac
819 2866 948 2927 tandem
966 2865 1107 2925 secundo
1124 2885 1218 2946 super
1235 2884 1284 2943 eo,
1308 2863 1396 2944 quod
1413 2863 1547 2943 quidam

282 2973 347 3034 duo
373 2974 471 3033 boves
496 2972 594 3054 ipsius
619 2971 743 3031 Nicolai
769 2971 886 3031 mortui
904 2969 1046 3048 fuissent,
1071 2971 1219 3051 deposuit
1243 2984 1277 3031 ut
1302 2969 1448 3046 debebat,
1467 2968 1542 3029 ideo

282 3097 378 3159 super
401 3077 565 3159 premissis
589 3089 635 3136 est
659 3076 835 3157 expeditus.

387 3182 465 3243 Item
481 3182 587 3242 Endre
613 3181 678 3262 Syb
703 3195 813 3242 contra
836 3180 1004 3242 domiuum
1024 3182 1202 3242 Barnabam
1226 3182 1331 3262 primo
1350 3183 1463 3244 citatus
1477 3201 1543 3243 non

282 3287 473 3368 comparuit.

388 3394 464 3454 Item
480 3392 625 3474 Mathyas
649 3408 749 3453 sartor
766 3405 879 3452 octavo
897 3391 948 3452 die
975 3412 1029 3473 per
1053 3392 1124 3474 Isyp
1142 3406 1295 3453 sartorem
1322 3407 1352 3454 et
1376 3393 1542 3454 dominam

283 3501 371 3561 Mare
396 3498 456 3559 hoc
481 3499 638 3576 atestabit,
662 3499 750 3578 quod
775 3499 842 3579 ipse
871 3498 1041 3559 Nicolaum
1074 3500 1308 3580 carpentarium
1341 3500 1374 3560 in
1399 3519 1455 3560 sua
1487 3501 1544 3562 de·

282 3603 426 3665 fensione
452 3618 481 3664 et
505 3623 600 3684 super
625 3604 757 3664 domum
783 3623 872 3664 suam
898 3604 1103 3666 vulnerasset.

388 3710 465 3770 Item
499 3707 645 3790 Mathyas
676 3708 796 3788 juratus
827 3729 928 3790 usque
962 3711 1142 3790 quindenas
1173 3711 1307 3772 Nicolao
1339 3731 1459 3792 genero
1483 3732 1543 3775 suo

282 3814 454 3875 duodecim
479 3835 592 3895 pensas
616 3814 822 3875 denariorum
847 3816 984 3896 (solvere
1009 3815 1126 3896 debet).

389 3920 467 3981 Item
491 3920 615 3981 Blasius
639 3919 723 3981 filius
752 3921 862 3982 Iacobi
895 3935 1009 3982 octavo
1040 3922 1091 3984 die
1114 3922 1201 3982 solus
1234 3943 1392 4003 supereo
1416 3923 1545 4002 jurabit,

282 4025 371 4105 quod
396 4025 501 4106 ipsum
526 4025 665 4106 quadam
682 4026 813 4087 domina
832 4027 871 4086 de
888 4028 1065 4088 carceribus
1082 4029 1254 4109 petivisset,
1271 4029 1326 4088 sed
1352 4029 1546 4091 Benedictus

282 4133 387 4212 ipsum
415 4150 480 4192 non
504 4131 700 4194 redemisset.

449 4346 544 4420 Feria
575 4352 681 4421 tescit
709 4354 863 4440 proxima
891 4359 968 4441 post
991 4352 1113 4422 festum
1148 4354 1236 4423 beati
1265 4351 1382 4441 Epidii.

781 4501 827 4584 (4.
851 4505 1038 4586 septembris).

388 4640 465 4703 Item
491 4663 583 4706 causa
609 4645 728 4706 Mathie
753 4647 883 4707 sartoris
907 4660 1017 4708 contra
1042 4646 1126 4707 Iwan
1151 4646 1190 4706 ad
1216 4662 1366 4709 octavum
1391 4648 1478 4709 diem
1503 4651 1546 4713 ad

281 4765 393 4808 oacem
418 4762 464 4811 cst
487 4765 624 4833 recepta.
