3472 5234
627 273 713 330 Anno
736 267 828 349 1383.
852 307 896 316 -
912 288 967 350 31.
984 275 1068 350 lidii.
1418 297 1479 360 207

221 479 364 560 phanum
390 482 526 543 condam
543 481 681 563 juratum
707 495 843 545 statuere
869 485 965 546 debet
980 487 1011 546 in
1038 485 1121 548 facto
1139 489 1304 550 cuiusdam
1330 491 1484 572 particule

222 582 323 665 fundi,
348 588 418 668 quit
441 588 517 669 ipsis
540 603 673 652 constat.

326 693 405 754 Item
435 713 528 755 causa
562 695 693 757 Martini
724 694 782 756 filii
816 695 969 779 Stephani
1002 713 1112 762 contra
1144 699 1343 782 Stephanum
1367 702 1407 764 ad
1431 722 1483 765 oc·

219 815 329 862 tavum
353 799 439 861 diem
463 799 502 861 ad
527 820 639 882 pacem
663 813 710 863 est
733 816 868 883 recepta.

327 907 405 969 Item
436 907 577 969 Brumen
610 906 769 969 aurifaber
801 923 910 971 contra
947 910 1160 974 Laurencium
1193 913 1334 975 secundo
1369 914 1482 977 citatus

220 1035 285 1076 non
310 1013 500 1095 comparuit.

324 1121 402 1183 Item
428 1141 521 1182 causa
538 1125 632 1182 Anne
657 1133 766 1183 contra
784 1120 960 1204 Georgium
978 1122 1018 1184 ad
1035 1136 1185 1187 octavum
1210 1125 1296 1187 diem
1313 1126 1353 1188 ad
1369 1147 1481 1210 pacem

220 1239 267 1290 est
290 1239 426 1310 recepta.

325 1333 403 1394 Item
421 1352 514 1395 causa
540 1334 694 1395 Iohannis
714 1332 771 1395 filii
796 1335 938 1397 Beherch
963 1351 1072 1399 contra
1096 1337 1239 1400 relictam
1256 1340 1415 1402 Mezeram
1441 1340 1482 1402 ad

219 1453 368 1502 octavum
393 1439 478 1502 diem
503 1440 544 1502 ad
567 1459 679 1522 pacem
705 1453 752 1503 est
775 1454 912 1525 recepta.

324 1546 403 1609 Item
420 1546 604 1609 Anthonius
621 1547 755 1630 Iursych
772 1562 881 1609 contra
898 1548 1064 1611 dominam
1085 1551 1320 1632 Margaretham
1337 1552 1480 1615 secundo

219 1653 333 1716 citatus
356 1673 420 1715 non
445 1654 635 1736 comparuit.

324 1761 401 1823 Item
420 1759 581 1822 Iohannes
604 1758 689 1821 filius
714 1760 833 1823 Donati
865 1776 975 1823 contra
1006 1761 1208 1824 Anthonium
1233 1763 1332 1825 Renis
1364 1777 1480 1827 octavo

220 1866 271 1929 die
296 1867 514 1950 respondebit.

323 1975 401 2036 Item
427 1975 552 2036 Marcus
575 1973 661 2035 filius
685 1973 819 2056 Mykech
841 1986 951 2036 contra
976 1975 1115 2037 eundem
1140 1976 1342 2038 Anthonium
1365 1989 1479 2040 octavo

218 2081 270 2143 die
295 2079 511 2163 respondebit.

322 2188 400 2250 Item
424 2206 518 2249 causa
544 2187 628 2248 Luce
653 2185 809 2247 carnificis
839 2200 948 2248 contra
973 2187 1121 2249 Valesam
1153 2188 1193 2250 ad
1217 2201 1367 2251 octavum
1392 2190 1477 2252 diem

217 2294 256 2355 ad
280 2313 392 2377 pacem
417 2307 463 2355 est
486 2305 623 2375 recepta.

322 2400 401 2463 Item
425 2420 519 2462 causa
543 2400 628 2461 Iwan
653 2398 803 2481 Loytrich
837 2413 947 2461 contra
972 2399 1113 2461 Brumen
1138 2399 1334 2463 aurifabrum
1359 2401 1400 2463 ad
1424 2421 1478 2463 oc·

215 2521 324 2571 tavum
349 2508 435 2570 diem
460 2506 500 2568 ad
524 2526 635 2588 pacem
660 2520 707 2567 est
729 2518 867 2588 recepta.

321 2615 399 2677 Item
425 2615 575 2676 Matenus
597 2627 750 2694 tanquam
776 2624 962 2695 procurator
986 2612 1018 2673 in
1046 2631 1183 2695 persona
1209 2614 1407 2695 Margarethe
1425 2635 1478 2677 oc-

215 2735 289 2785 tavo
313 2722 365 2783 die
389 2721 544 2804 quasdam
569 2720 676 2782 literas
699 2719 848 2781 exhibete
873 2719 978 2782 debet.

320 2829 399 2891 Item
423 2827 578 2890 Nicolaus
601 2827 686 2888 filius
712 2826 819 2888 Endre
847 2840 961 2888 octavo
993 2826 1045 2889 die
1069 2841 1158 2889 sexto
1189 2847 1221 2888 se
1246 2846 1341 2909 super
1365 2847 1404 2889 eo
1428 2827 1478 2909 ju·

216 2936 308 3015 rabit,
334 2934 422 3017 quod
447 2935 513 3016 ipse
538 2934 570 2995 in
596 2931 758 2995 furticinio
782 2931 949 2994 cuiusdam
974 2932 1050 3014 palii
1074 2933 1229 2995 innocens
1252 2933 1301 2995 sit.

321 3043 399 3104 Item
424 3041 584 3104 Iohannes
608 3041 640 3101 in
666 3041 764 3101 domo
788 3038 945 3122 Delasych
969 3039 1112 3101 residens
1135 3060 1192 3122 per
1215 3040 1476 3103 commissionem

216 3163 325 3210 contra
351 3148 551 3210 Demetrium
576 3147 787 3228 joculatorem
811 3146 844 3207 in
868 3144 989 3226 judicio
1014 3165 1080 3207 non
1105 3146 1295 3229 comparuit.

266 3365 363 3441 Fede
392 3376 490 3440 sexta
517 3370 671 3458 proxima
700 3374 777 3439 ente
802 3366 925 3438 festum
953 3366 995 3437 ed
1022 3367 1159 3438 vincula
1186 3368 1295 3438 saneti
1322 3367 1423 3439 Petri.

755 3515 820 3598 (51.
837 3517 939 3600 jule).

320 3666 397 3728 Item
424 3665 531 3726 Hanse
550 3661 629 3725 Scof
649 3675 759 3724 contra
777 3661 955 3723 Iohannem
973 3660 1117 3723 PIahtich
1143 3661 1248 3743 primo
1273 3661 1386 3722 citatus
1410 3680 1475 3722 non

215 3773 405 3856 comparuit.

318 3879 395 3940 Item
420 3896 551 3940 consors
576 3876 665 3937 Pauli
690 3875 827 3937 cursoris
849 3890 964 3937 octavo
988 3874 1040 3937 die
1065 3874 1163 3937 tercio
1188 3894 1219 3935 se
1244 3893 1340 3956 super
1364 3893 1403 3935 eo
1427 3873 1476 3955 ju·

212 3987 305 4065 rabit,
337 3984 425 4067 quod
455 3984 522 4067 ipsa
555 3983 681 4044 nulium
716 3980 912 4043 furticinium
945 3981 985 4044 de
1019 3981 1116 4063 lignis
1141 3980 1180 4043 de
1212 3980 1311 4042 domo
1335 3979 1475 4041 filiorum

214 4093 297 4154 iwan
321 4092 378 4154 filii
403 4091 488 4153 Iwan
513 4089 632 4152 iecerit.

317 4199 395 4261 Item
419 4197 582 4259 Iohannes
605 4210 694 4258 sutor
725 4208 835 4257 contra
866 4195 986 4255 Rosam
1018 4193 1188 4254 muhetem
1219 4191 1325 4272 primo
1358 4190 1472 4252 citatus

212 4325 277 4368 non
302 4318 491 4387 comparuit.

318 4411 395 4473 Item
414 4408 592 4491 Gregorius
614 4407 699 4471 filius
722 4406 877 4490 Stephani
894 4420 1002 4468 contra
1028 4404 1182 4467 Mathiam
1199 4417 1352 4465 sartorem
1369 4402 1475 4484 primo

211 4519 324 4581 citatus
348 4536 413 4579 non
445 4517 634 4599 comparuit.

316 4624 395 4686 Item
421 4623 543 4707 Symon
569 4622 654 4684 filius
678 4621 869 4703 Chepernye
902 4631 1012 4681 contra
1037 4617 1181 4680 Marcum
1206 4614 1308 4677 filium
1338 4612 1474 4698 Mykech

212 4731 353 4793 secundo
381 4731 494 4792 citatus
519 4750 584 4792 non
609 4728 798 4812 comparuit.
