3472 5234
255 329 317 388 240
650 306 854 387 Anno1385.
880 343 921 354 -
944 325 996 386 23.
1012 312 1106 387 junii.

251 533 326 582 runt
349 533 435 582 etse
460 541 477 582 a
503 519 583 583 facie
608 521 686 603 juris
709 535 741 584 et
764 521 888 602 justIcie
919 522 1136 600 absentarunt,
1162 521 1236 583 ideo
1259 521 1462 585 decrevimus
1484 536 1520 585 ut

251 626 525 708 quandocumque
544 628 575 689 in
599 628 761 689 territorio
779 628 915 689 ciuitatis
930 627 1063 709 reperiri
1080 628 1231 710 poterint,
1247 640 1323 691 tunc
1341 628 1382 692 de
1398 629 1520 692 eisdem

251 745 407 814 tanquam
431 732 471 794 de
495 732 620 795 furibus
643 733 784 795 vindicta
808 746 1019 815 sumpmatur.

358 856 436 919 Item
469 877 563 919 causa
593 857 757 920 Dominici
790 872 901 920 contra
933 857 1091 920 Kozarich
1121 857 1161 919 ad
1194 870 1344 918 octavum
1369 856 1457 919 diem
1479 857 1519 919 ad

252 982 366 1044 pacem
390 976 437 1026 est
461 978 598 1046 recepta.

359 1068 439 1132 Item
464 1069 657 1133 Benedictus
683 1069 829 1132 Gallicus
859 1084 969 1133 contra
994 1069 1212 1152 Dragozlaum
1235 1068 1378 1130 secundo
1406 1069 1520 1132 citatus

252 1194 317 1236 non
342 1176 533 1257 comparuit.

357 1280 436 1343 Item
460 1281 604 1344 Iwchech
628 1280 713 1344 filius
737 1281 919 1365 Dragchym
943 1295 1052 1345 contra
1069 1281 1154 1344 Iwan
1179 1282 1219 1343 ad
1235 1282 1394 1364 justiciam
1411 1294 1519 1345 nostra

250 1387 283 1448 in
306 1388 472 1468 presencia
497 1407 563 1449 non
587 1389 778 1470 comparuit.

277 1621 374 1696 Faria
402 1631 502 1696 sexta
530 1628 683 1714 proxima
711 1636 788 1697 ante
825 1625 946 1697 festum
977 1625 1177 1698 Natiuitatis
1205 1626 1294 1696 beati
1319 1624 1482 1714 JohannIs

804 1748 968 1838 Baptista.

789 1922 852 1995 (25·
868 1916 977 1995 sunit).

357 2075 436 2136 Item
461 2075 569 2137 Bartol
594 2089 703 2138 contra
727 2075 882 2159 ZekyrIch
907 2076 1012 2159 prImo
1035 2075 1149 2137 citatus
1169 2094 1233 2137 nori
1259 2074 1450 2156 comparuit.

356 2181 435 2242 Item
460 2181 622 2243 Fabianus
651 2201 708 2264 per
733 2182 911 2265 Symonem
943 2195 974 2243 et
998 2180 1200 2244 Anthonium
1231 2194 1345 2242 octavo
1372 2180 1423 2242 die
1455 2179 1517 2242 hoc

250 2287 407 2365 atestabit,
431 2287 709 2368 quemadmodum
726 2287 886 2350 discordia
907 2288 989 2349 iuter
1013 2287 1119 2370 ipsum
1137 2287 1246 2348 Bartol
1271 2299 1303 2347 et
1327 2284 1517 2368 Bozoulych

252 2407 361 2457 eriorta
385 2392 492 2456 fuerit.

355 2499 434 2561 Item
459 2498 544 2561 Iwan
566 2498 686 2581 juratus
716 2512 827 2561 contra
859 2500 1040 2562 Iohannem
1072 2514 1187 2562 octavo
1212 2498 1264 2560 die
1297 2498 1516 2580 respondebit.

356 2606 435 2668 Item
460 2604 558 2689 Elyas
582 2619 692 2667 contra
716 2605 897 2668 Iohannem
920 2607 1025 2689 prImo
1045 2606 1159 2668 citatus
1182 2624 1247 2667 non
1271 2604 1463 2686 comparuit.

355 2730 432 2793 Item
459 2729 582 2812 Symon
606 2729 691 2791 filius
715 2729 907 2813 Chepernya
931 2743 1042 2793 contra
1062 2730 1167 2810 Kemp
1190 2729 1296 2811 prImo
1313 2726 1427 2790 citatus
1450 2745 1516 2788 non

250 2837 440 2918 comparuit.

354 2944 433 3005 Item
465 2942 569 3004 Lucas
600 2942 745 3025 Agatych
777 2955 888 3005 contra
919 2941 1104 3023 Chupinam
1139 2938 1280 3002 secundo
1312 2939 1426 3001 citatus
1450 2958 1515 3000 noii

249 3049 440 3131 comparuit.

354 3154 433 3217 Item
470 3153 630 3236 Georgius
666 3153 850 3237 BIanchych
882 3167 991 3215 contra
1024 3154 1132 3215 Mathe
1167 3153 1272 3235 primo
1304 3151 1418 3213 citatus
1449 3170 1514 3212 non

249 3274 439 3342 comparuit.

356 3366 434 3427 Item
466 3365 613 3428 Andreas
637 3366 758 3427 Wekni
791 3379 901 3427 contra
937 3364 1136 3447 Stephanum
1168 3365 1273 3447 primo
1306 3365 1420 3426 citatus
1449 3383 1514 3426 non

249 3487 439 3554 comparuit.

354 3579 431 3641 Item
452 3577 629 3659 GregorIus
645 3577 730 3640 filius
754 3577 858 3638 Tadei
883 3590 993 3639 contra
1019 3577 1135 3638 Katam
1151 3576 1293 3637 secundo
1318 3578 1432 3640 citatus
1449 3597 1514 3639 non

248 3697 438 3766 comparuit.

353 3791 432 3852 Item
458 3790 580 3872 Symon
605 3790 746 3852 salirena
770 3803 881 3852 contra
905 3788 1058 3873 Loytrich
1081 3789 1185 3871 primo
1203 3789 1316 3850 citatus
1333 3807 1398 3849 nori
1427 3806 1514 3849 com·

249 3897 363 3977 paruit.

353 4001 431 4063 Item
448 4014 542 4063 testes
559 4000 676 4064 Iwanie
693 4022 822 4065 causam
838 4002 878 4064 ad
895 4001 1168 4064 deliberacionem
1190 4000 1230 4061 ad
1255 4013 1409 4062 octavum
1426 4001 1514 4062 diem

248 4106 288 4168 ad
313 4126 425 4188 pacem
450 4123 649 4190 receperunt.

354 4212 433 4274 Item
458 4213 570 4275 eadem
594 4214 725 4276 domina
751 4214 857 4276 Iwana
875 4213 982 4276 Mathe
1006 4214 1244 4275 tabernatorem
1259 4211 1428 4274 cqusdam
1447 4211 1513 4273 vini

247 4333 362 4381 octavo
387 4319 439 4381 die
464 4334 573 4382 contra
597 4320 761 4383 Thomam
785 4334 923 4383 statuere
948 4320 1054 4381 debet.

354 4425 433 4488 Item
451 4446 543 4489 causa
560 4426 693 4489 domine
717 4427 794 4488 Ewe
811 4440 921 4487 contra
946 4426 1098 4488 Cosmam
1116 4422 1314 4486 aurifabrum
1338 4436 1369 4484 et
1385 4442 1513 4485 socrum

247 4551 339 4593 suam
363 4532 404 4594 ad
428 4546 576 4596 octavum
602 4533 688 4594 diem
713 4532 753 4594 ad
777 4550 889 4614 pacem
913 4544 959 4593 est
983 4543 1120 4612 recepta.

353 4655 431 4719 Item
456 4675 550 4719 causa
582 4656 665 4718 Iwan
698 4655 792 4737 jurati
825 4667 934 4717 contra
965 4653 1148 4717 Dionisium
1178 4653 1217 4715 ad
1250 4665 1400 4716 octavum
1426 4652 1512 4714 diem

248 4760 288 4822 ad
313 4778 425 4842 pacem
449 4776 497 4824 eat
519 4772 656 4844 recepta.
