3472 5234
485 431 581 504 ferlo
610 435 718 503 tercia
746 439 823 520 post
851 432 1050 503 dominicam
1080 432 1314 503 Reminisccre.

379 584 457 646 Item
489 583 645 645 Martinus
678 583 834 665 Zelryrich
862 595 972 644 contra
1005 583 1149 664 Dragech
1182 583 1288 666 primo
1324 582 1439 645 citatus
1470 602 1537 645 non

273 690 463 773 comparuit.
882 697 888 705 '

378 796 457 858 Item
483 796 613 857 domina
641 796 738 857 Lucia
761 809 870 857 contra
904 795 1072 856 Elizabeth
1104 810 1218 857 octavo
1243 795 1295 856 die
1320 794 1539 876 respondebit.

379 901 456 963 Item
483 901 644 984 Georgius
675 902 890 985 carpentarIus
920 915 1028 963 contra
1055 902 1232 984 Symouem
1264 913 1379 963 octavo
1403 900 1455 962 dle
1489 921 1538 961 re·

274 1007 455 1089 spondebit.

378 1114 456 1176 Item
482 1112 663 1196 Stephanus
687 1113 846 1176 Pecohleb
871 1126 980 1174 contra
1006 1114 1161 1175 Iacobum
1188 1113 1265 1175 Bole
1291 1113 1395 1195 primo
1424 1113 1538 1174 citatus

272 1239 336 1281 non
363 1220 553 1301 comparuit.

380 1325 458 1387 Item
491 1324 672 1408 Stephanus
703 1325 863 1387 Pecohleb
895 1340 1005 1388 contra
1038 1325 1254 1407 Dragozlaum
1279 1324 1384 1407 prImo
1423 1323 1537 1386 citatus

273 1451 337 1493 non
363 1432 553 1514 comparuit.
1099 1438 1103 1448 '

376 1537 453 1598 Item
489 1536 652 1599 Iohannes
687 1536 833 1620 Samlyar
868 1552 977 1600 contra
1015 1539 1145 1601 Petrum
1181 1538 1285 1620 prImo
1318 1537 1432 1598 citatus
1469 1554 1534 1596 non

271 1643 463 1724 comparuit.

376 1748 454 1810 Item
480 1748 632 1810 NIcolaus
656 1749 801 1829 Rugosar
831 1764 940 1812 contra
965 1749 1160 1832 Gregorium
1193 1749 1310 1831 Angeli
1343 1760 1457 1811 octavo
1482 1747 1534 1807 die

270 1853 489 1936 respondebit.

376 1961 453 2022 Item
478 1960 549 2042 Isyp
573 1973 674 2022 sartor
697 1975 806 2023 contra
831 1962 916 2024 Iwan
941 1963 1084 2025 secundo
1108 1963 1221 2024 citatus
1244 1982 1309 2024 non
1339 1960 1531 2043 comparuit.

376 2067 453 2128 Item
479 2067 597 2128 Paulus
621 2081 731 2129 contra
756 2067 1105 2148 Gregoriumsecundo
1122 2069 1235 2131 citatus
1258 2087 1324 2130 non
1342 2067 1532 2149 comparuit.

375 2173 453 2234 Item
478 2171 654 2254 Gregorius
678 2173 921 2258 Chudauchych
953 2189 1062 2236 contra
1095 2174 1253 2237 Janchech
1278 2174 1384 2257 primo
1416 2173 1531 2234 citatus

269 2298 335 2340 non
368 2279 557 2360 comparuit.

374 2385 452 2447 Item
477 2385 639 2448 Iohannes
662 2384 747 2448 filius
770 2386 881 2448 militis
912 2400 1021 2449 contra
1047 2386 1161 2448 Mench
1186 2387 1290 2470 primo
1323 2386 1436 2448 citatus
1460 2405 1525 2447 non

269 2493 459 2575 comparuit.

373 2599 451 2660 Item
476 2598 575 2659 Herih
600 2596 730 2680 pellifex
755 2610 864 2660 contra
889 2598 1030 2661 relictam
1057 2599 1182 2662 Crisani
1207 2599 1312 2682 primo
1335 2599 1449 2661 citatus
1462 2616 1528 2658 non

270 2705 460 2788 comparuit.

373 2810 450 2871 Item
475 2823 569 2872 testes
601 2810 726 2872 Lucasii
758 2824 868 2871 contra
901 2810 1067 2872 dominam
1099 2810 1242 2873 relictam
1276 2810 1455 2874 Clementis
1488 2810 1529 2872 ad

267 2917 537 2979 deliberacionem
562 2918 601 2978 ad
626 2931 775 2979 octavum
801 2917 887 2978 diem
912 2918 1084 2980 terminum
1113 2931 1311 3000 receperunt.

374 3023 452 3084 Item
477 3022 589 3104 Cygan
615 3036 724 3084 contra
750 3023 897 3085 Markum
921 3024 1026 3106 primo
1054 3025 1168 3087 citatus
1199 3045 1264 3086 non
1294 3024 1483 3107 comparuit.

373 3129 452 3191 Item
477 3128 590 3210 Cygan
614 3143 723 3189 contra
748 3129 928 3191 Iohannem
953 3129 1149 3192 aurifabrum
1174 3131 1279 3213 prImo
1313 3131 1426 3192 citatus
1461 3150 1526 3192 non

265 3235 455 3318 comparuit.

370 3342 448 3403 Item
474 3340 582 3402 Bartol
607 3352 715 3401 contra
741 3344 868 3403 Annam
893 3344 1061 3406 mulierem
1084 3345 1189 3426 primo
1221 3345 1335 3407 citatus
1351 3365 1415 3406 non
1440 3364 1528 3406 com·

264 3448 380 3531 paruit.

369 3553 447 3614 Item
473 3552 625 3613 Scitarich
650 3566 759 3615 contra
784 3555 949 3617 Vrbanum
974 3557 1078 3638 primo
1099 3558 1212 3619 citatus
1240 3576 1304 3617 non
1331 3557 1525 3638 comparuit.

370 3658 449 3719 Item
466 3678 560 3720 causa
585 3659 717 3740 Georgii
735 3673 845 3721 contra
870 3661 982 3723 Crisan
1013 3663 1051 3724 ad
1070 3676 1218 3724 octavum
1243 3663 1330 3724 diem
1354 3664 1394 3724 ad
1411 3683 1524 3745 pacem

263 3777 310 3826 est
334 3777 470 3846 recepta.

370 3870 448 3931 Item
467 3870 659 3932 Benedictus
682 3884 796 3933 octavo
821 3873 872 3934 die
897 3888 1006 3935 contra
1028 3876 1233 3937 Valentinum
1259 3891 1348 3939 sexto
1372 3896 1405 3938 se
1430 3895 1526 3957 super

263 3995 301 4037 eo
325 3974 452 4056 jurabit,
476 3976 563 4057 quod
588 3977 654 4058 ipse
679 3978 710 4038 in
736 3980 934 4041 cremacione
959 3981 1124 4042 cuiusdam
1150 3983 1265 4043 stabuli
1291 3996 1321 4044 et
1344 3982 1523 4043 succisione

263 4082 355 4142 vinee
381 4081 456 4143 dicti
481 4082 644 4144 ValentIni
671 4084 824 4146 innocens
848 4086 898 4148 sit.

368 4188 445 4249 Item
459 4189 612 4251 Nicolaus
636 4189 719 4251 filius
744 4192 835 4253 Pauli
860 4207 970 4254 contra
998 4194 1206 4256 Valentinum
1237 4196 1379 4257 secundo
1407 4196 1522 4257 citatus

262 4312 325 4354 non
351 4295 541 4377 comparuit.

367 4398 444 4460 Item
470 4401 630 4464 Iohannes
655 4402 739 4464 filius
770 4405 887 4467 Donati
912 4421 1021 4468 contra
1054 4408 1254 4471 Anthonium
1288 4411 1388 4471 Renis
1418 4410 1523 4492 prImo

262 4504 375 4565 citatus
407 4525 471 4568 non
501 4509 690 4589 comparuit.

366 4610 445 4673 Item
470 4612 636 4675 Dionisius
660 4628 690 4677 et
719 4616 830 4678 Petrus
862 4618 1001 4681 carnifex
1033 4635 1147 4683 octavo
1171 4623 1222 4684 dle
1256 4637 1365 4685 contra
1398 4644 1465 4686 sese
1491 4625 1523 4687 ln

261 4710 344 4776 facto
368 4717 570 4799 depascionis
594 4721 749 4801 quosdam
774 4736 869 4785 testes
894 4739 1031 4787 statuere
1058 4727 1188 4789 debent.
