3472 5234
645 295 845 375 Anno1378.
869 332 913 342 —
936 312 987 360 22.
1002 300 1096 375 junii.

343 511 422 572 ltem
458 511 556 571 Liber
591 509 754 572 lohannes
786 523 896 572 contra
931 509 1109 571 Francham
1150 523 1239 572 actor
1271 511 1408 574 existens
1439 530 1506 573 non

239 617 428 700 comparuit.
855 671 856 674 ,

343 723 423 784 Item
447 721 620 785 Chuethlco
644 722 735 803 pivar
757 721 927 784 fideiussor
950 722 1086 784 existens
1109 740 1168 804 pro
1193 741 1259 783 uno
1283 724 1368 785 bove
1392 721 1432 784 ad
1456 722 1505 804 ju-

237 828 364 890 sticiam
390 848 455 890 non
480 828 568 891 venit
590 847 696 909 neque
721 828 816 891 misit.

346 934 425 996 ltem
449 935 600 1015 magister
623 933 785 995 lohannes
810 932 943 1015 Crispus
975 946 1084 995 contra
1109 933 1303 1015 Gregorium
1334 935 1440 1018 primo
1464 935 1506 996 ci·

236 1053 324 1102 tatus
349 1058 414 1101 non
439 1040 628 1122 comparuit.

279 1276 378 1350 leria
408 1279 515 1348 tercia
543 1278 698 1366 proxima
727 1284 806 1348 ante
833 1277 957 1348 festum
981 1279 1072 1348 beati
1099 1277 1263 1367 johannis
1291 1277 1454 1367 Baptista.

778 1451 841 1520 (22.
864 1450 973 1525 sicuti).

344 1606 452 1667 Primo
476 1606 576 1667 Pazar
599 1605 761 1667 lohannes
785 1618 893 1667 contra
919 1603 1048 1667 fratrem
1074 1606 1147 1667 Kun
1172 1607 1277 1688 primo
1303 1605 1416 1668 citatus
1437 1624 1503 1666 non

239 1712 430 1795 comparuit.

343 1818 421 1879 Item
446 1816 608 1878 lohannes
632 1817 748 1878 Zedlar
775 1831 884 1879 contra
917 1817 1096 1879 lohannem
1130 1819 1230 1880 Pazar
1252 1819 1359 1901 primo
1392 1818 1505 1880 citatus

237 1944 302 1985 uon
332 1923 522 2005 comparuit.

345 2029 423 2089 ltem
448 2027 519 2088 Elia
543 2025 704 2088 aurifaber
728 2028 836 2089 relicte
866 2028 993 2108 Sugech
1026 2042 1154 2090 centurn
1179 2029 1328 2091 denarios
1352 2029 1385 2091 in
1410 2029 1504 2111 quin-

237 2133 328 2196 denis
352 2135 523 2217 persolvet.

344 2240 423 2302 ltem
447 2239 605 2300 Renarius
636 2252 746 2300 contra
778 2240 949 2301 Nicolaum
980 2241 1120 2321 juratum
1150 2240 1255 2322 primo
1287 2240 1401 2302 citatus
1437 2259 1503 2301 non

237 2346 427 2428 comparuit.

343 2451 422 2513 ltem
456 2450 542 2533 Span
577 2464 691 2512 octavo
724 2451 776 2513 die
807 2471 864 2533 per
895 2451 1032 2512 Paulum
1066 2451 1223 2534 Chaplich
1255 2465 1286 2513 et
1318 2449 1503 2531 Philippum

236 2572 345 2618 contra
371 2557 476 2617 Eliam
501 2553 698 2617 aurifabrum
722 2557 881 2636 atestabit,
905 2556 984 2638 quid
1006 2557 1134 2618 scierint
1151 2557 1233 2618 inter
1258 2556 1354 2638 ipsos,
1380 2555 1501 2616 dicent.

342 2663 419 2724 ltem
445 2661 594 2744 Mychael
623 2661 708 2723 lilius
739 2663 830 2724 Pauli
863 2676 971 2724 contra
997 2662 1167 2723 dominum
1199 2663 1371 2723 Micusium
1396 2661 1503 2744 primo

237 2768 351 2829 citatus
376 2786 441 2829 non
467 2768 656 2849 comparuit.

343 2874 422 2935 ltem
446 2873 594 2955 Mychael
619 2873 703 2934 filius
720 2875 810 2936 Pauli
836 2874 940 2936 eidem
960 2875 1094 2936 domino
1117 2875 1253 2936 Micusio
1278 2874 1363 2955 juxta
1388 2875 1503 2936 seriem

237 2999 367 3040 suarum
384 2980 547 3040 literarum
565 2979 830 3058 obligatoriarum
851 2981 972 3042 XXXV
989 3001 1110 3042 marcas
1129 2981 1334 3041 denariorum
1359 2981 1391 3041 in
1409 2981 1503 3061 quin·

238 3085 329 3145 denis
353 3085 522 3165 persolvet.

341 3190 419 3251 ltem
443 3190 595 3270 magister
611 3189 744 3272 Crispus
768 3206 876 3253 contra
896 3191 1073 3272 Georgium
1090 3191 1340 3253 stachionarium
1357 3191 1499 3253 secundo

235 3294 349 3355 citatus
374 3315 439 3356 non
464 3295 652 3375 comparuit.

341 3417 419 3478 ltem
453 3437 547 3478 causa
571 3418 709 3479 Vardich
742 3432 773 3480 et
804 3419 960 3483 lobannis
985 3435 1031 3481 est
1061 3439 1118 3502 per
1148 3419 1288 3499 judicem
1321 3421 1361 3481 ad
1388 3418 1501 3482 feriam

235 3536 354 3584 sextam
380 3522 552 3604 plusquam
576 3538 743 3585 venturam
768 3539 939 3606 prorogata
963 3527 1001 3587 ad
1027 3545 1150 3608 pacem,
1174 3526 1198 3586 si
1222 3526 1330 3587 medio
1354 3540 1501 3607 tempore

236 3628 430 3689 concordare
455 3643 616 3709 poterunt,
639 3631 721 3690 bene
753 3630 896 3712 quidem,
926 3632 1071 3713 alioquin
1103 3632 1290 3713 rescriptum
1316 3631 1500 3693 testamenti

235 3734 328 3794 nobis
352 3749 533 3814 presentare
558 3734 688 3797 debebit
714 3735 876 3797 lohannes
899 3736 1072 3818 predictus,
1093 3750 1128 3798 ut
1152 3738 1222 3818 ipso
1246 3737 1315 3798 viso
1340 3737 1499 3817 justiciam

234 3838 337 3899 facere
362 3840 539 3920 poterimus
564 3840 645 3901 inter
661 3855 765 3923 partes
789 3843 969 3923 premissas,

341 3963 418 4024 ltem
451 3983 545 4025 causa
577 3963 760 4025 carnificum
797 3979 828 4026 et
860 3964 992 4046 Georgii
1024 3965 1118 4045 jurati
1152 3979 1199 4027 est
1222 3980 1295 4047 post
1325 3967 1500 4027 adventum

234 4067 376 4148 ipsorum
403 4068 586 4131 carnificum
610 4071 650 4131 de
675 4071 825 4132 leubaco
850 4072 889 4131 de
907 4072 1060 4132 nundinis
1083 4090 1140 4152 per
1164 4071 1335 4133 Nicolaum
1360 4071 1499 4133 condam

233 4171 371 4248 judicem
395 4189 426 4235 et
451 4176 570 4236 Lucam
595 4177 725 4237 Bonioli
749 4190 875 4258 recepta
899 4177 938 4237 ad
964 4196 1086 4258 pacem.

338 4279 415 4340 ltem
440 4282 590 4362 magister
614 4281 776 4342 lohannes
800 4282 933 4362 Crispus
957 4297 1066 4343 contra
1091 4283 1263 4343 Nicolaum
1287 4284 1429 4345 secundo
1456 4284 1499 4345 ci-

234 4397 316 4444 tatus
340 4405 406 4446 non
431 4388 618 4467 comparuit.

339 4508 416 4569 Item
443 4509 622 4590 Stephanus
646 4509 776 4590 pellifex
802 4524 909 4571 contra
934 4512 1105 4572 Nicolaum
1138 4533 1329 4575 assessorem
1354 4515 1499 4577 secundo

218 4611 347 4672 *citatus
373 4633 437 4673 non
462 4616 651 4695 comparuit.

339 4717 417 4778 ltem
449 4719 560 4779 Petrus
584 4735 693 4781 contra
718 4720 909 4802 Dyonisium
934 4722 1040 4802 primo
1072 4723 1185 4784 citatus
1208 4743 1275 4785 non
1306 4725 1497 4806 comparuit.
