<?xml version="1.0" encoding="UTF-8"?>
<!DOCTYPE html PUBLIC "-//W3C//DTD XHTML 1.0 Transitional//EN"
    "http://www.w3.org/TR/xhtml1/DTD/xhtml1-transitional.dtd">
<html xmlns="http://www.w3.org/1999/xhtml" xml:lang="en" lang="en">
 <head>
  <title>
</title>
<meta http-equiv="Content-Type" content="text/html;charset=utf-8" />
  <meta name='ocr-system' content='tesseract 3.04.00' />
  <meta name='ocr-capabilities' content='ocr_page ocr_carea ocr_par ocr_line ocrx_word'/>
</head>
<body>
  <div class='ocr_page' id='page_1' title='image "./monumentahistor09laszgoog/monumentahistor09laszgoog_0233.png"; bbox 0 0 3472 5234; ppageno 0'>
   <div class='ocr_carea' id='block_1_1' title="bbox 639 342 1499 423">
    <p class='ocr_par' dir='ltr' id='par_1_1' title="bbox 639 342 1499 423">
     <span class='ocr_line' id='line_1_1' title="bbox 639 342 1499 423; baseline 0.001 -21"><span class='ocrx_word' id='word_1_1' title='bbox 639 343 840 422; x_wconf 77' lang='lat' dir='ltr'><em>Ann01382.</em></span> <span class='ocrx_word' id='word_1_2' title='bbox 866 379 906 388; x_wconf 93' lang='lat'>—</span> <span class='ocrx_word' id='word_1_3' title='bbox 930 359 986 423; x_wconf 83' lang='lat'>29.</span> <span class='ocrx_word' id='word_1_4' title='bbox 1003 347 1086 420; x_wconf 85' lang='lat' dir='ltr'>julii.</span> <span class='ocrx_word' id='word_1_5' title='bbox 1442 342 1499 421; x_wconf 87' lang='lat'>185</span> 
     </span>
    </p>
   </div>
   <div class='ocr_carea' id='block_1_2' title="bbox 230 554 1504 4872">
    <p class='ocr_par' dir='ltr' id='par_1_2' title="bbox 234 554 1503 723">
     <span class='ocr_line' id='line_1_2' title="bbox 234 554 1503 638; baseline -0.003 -20"><span class='ocrx_word' id='word_1_6' title='bbox 234 555 391 619; x_wconf 86' lang='lat' dir='ltr'>Martinus</span> <span class='ocrx_word' id='word_1_7' title='bbox 414 554 571 638; x_wconf 82' lang='lat' dir='ltr'>Zelryrich</span> <span class='ocrx_word' id='word_1_8' title='bbox 595 569 779 617; x_wconf 85' lang='lat' dir='ltr'>consortem</span> <span class='ocrx_word' id='word_1_9' title='bbox 803 555 948 615; x_wconf 89' lang='lat' dir='ltr'>eiusdem</span> <span class='ocrx_word' id='word_1_10' title='bbox 982 555 1111 616; x_wconf 90' lang='lat' dir='ltr'>Martini</span> <span class='ocrx_word' id='word_1_11' title='bbox 1142 554 1211 616; x_wconf 91' lang='lat' dir='ltr'>dire</span> <span class='ocrx_word' id='word_1_12' title='bbox 1239 556 1446 631; x_wconf 88' lang='lat' dir='ltr'>verberasset,</span> <span class='ocrx_word' id='word_1_13' title='bbox 1471 566 1503 614; x_wconf 92' lang='lat' dir='ltr'>et</span> 
     </span>
     <span class='ocr_line' id='line_1_3' title="bbox 235 660 523 723; baseline 0.007 -2"><span class='ocrx_word' id='word_1_14' title='bbox 235 660 296 723; x_wconf 90' lang='lat' dir='ltr'>hoc</span> <span class='ocrx_word' id='word_1_15' title='bbox 321 676 436 723; x_wconf 91' lang='lat' dir='ltr'>octavo</span> <span class='ocrx_word' id='word_1_16' title='bbox 460 662 523 723; x_wconf 91' lang='lat' dir='ltr'>die.</span> 
     </span>
    </p>

    <p class='ocr_par' dir='ltr' id='par_1_3' title="bbox 236 764 1502 1061">
     <span class='ocr_line' id='line_1_4' title="bbox 344 764 1501 847; baseline -0.002 -19"><span class='ocrx_word' id='word_1_17' title='bbox 344 767 422 829; x_wconf 90' lang='lat' dir='ltr'><strong>Item</strong></span> <span class='ocrx_word' id='word_1_18' title='bbox 446 786 539 828; x_wconf 90' lang='lat' dir='ltr'>causa</span> <span class='ocrx_word' id='word_1_19' title='bbox 569 765 697 829; x_wconf 89' lang='lat' dir='ltr'>Gerdak</span> <span class='ocrx_word' id='word_1_20' title='bbox 730 781 839 830; x_wconf 87' lang='lat' dir='ltr'>contra</span> <span class='ocrx_word' id='word_1_21' title='bbox 872 782 1053 830; x_wconf 81' lang='lat' dir='ltr'>consortem</span> <span class='ocrx_word' id='word_1_22' title='bbox 1084 766 1175 829; x_wconf 87' lang='lat' dir='ltr'>Pauli</span> <span class='ocrx_word' id='word_1_23' title='bbox 1199 764 1337 827; x_wconf 87' lang='lat' dir='ltr'>cursoris</span> <span class='ocrx_word' id='word_1_24' title='bbox 1367 784 1424 847; x_wconf 88' lang='lat' dir='ltr'>per</span> <span class='ocrx_word' id='word_1_25' title='bbox 1448 765 1501 826; x_wconf 92' lang='lat' dir='ltr'>Jo-</span> 
     </span>
     <span class='ocr_line' id='line_1_5' title="bbox 237 869 1502 937; baseline -0.003 -3"><span class='ocrx_word' id='word_1_26' title='bbox 237 872 377 937; x_wconf 87' lang='lat' dir='ltr'>hannem</span> <span class='ocrx_word' id='word_1_27' title='bbox 401 873 522 934; x_wconf 90' lang='lat' dir='ltr'>dictum</span> <span class='ocrx_word' id='word_1_28' title='bbox 555 872 652 933; x_wconf 91' lang='lat' dir='ltr'>Liber</span> <span class='ocrx_word' id='word_1_29' title='bbox 682 893 718 933; x_wconf 89' lang='lat' dir='ltr'>ac</span> <span class='ocrx_word' id='word_1_30' title='bbox 750 872 929 934; x_wconf 87' lang='lat' dir='ltr'>Iohannem</span> <span class='ocrx_word' id='word_1_31' title='bbox 966 872 1087 934; x_wconf 90' lang='lat' dir='ltr'>dictum</span> <span class='ocrx_word' id='word_1_32' title='bbox 1121 870 1245 934; x_wconf 87' lang='lat' dir='ltr'>Custris</span> <span class='ocrx_word' id='word_1_33' title='bbox 1276 869 1316 931; x_wconf 90' lang='lat' dir='ltr'>ad</span> <span class='ocrx_word' id='word_1_34' title='bbox 1352 884 1502 932; x_wconf 88' lang='lat' dir='ltr'>octavum</span> 
     </span>
     <span class='ocr_line' id='line_1_6' title="bbox 236 979 760 1061; baseline 0.002 -21"><span class='ocrx_word' id='word_1_35' title='bbox 236 979 322 1040; x_wconf 90' lang='lat' dir='ltr'>diem</span> <span class='ocrx_word' id='word_1_36' title='bbox 347 979 388 1040; x_wconf 90' lang='lat' dir='ltr'>ad</span> <span class='ocrx_word' id='word_1_37' title='bbox 412 997 524 1061; x_wconf 82' lang='lat' dir='ltr'>pacem</span> <span class='ocrx_word' id='word_1_38' title='bbox 553 992 599 1039; x_wconf 91' lang='lat' dir='ltr'>est</span> <span class='ocrx_word' id='word_1_39' title='bbox 624 992 760 1061; x_wconf 89' lang='lat' dir='ltr'>recepta.</span> 
     </span>
    </p>

    <p class='ocr_par' dir='ltr' id='par_1_4' title="bbox 235 1083 1502 1273">
     <span class='ocr_line' id='line_1_7' title="bbox 340 1083 1502 1166; baseline -0.003 -21"><span class='ocrx_word' id='word_1_40' title='bbox 340 1084 420 1146; x_wconf 85' lang='lat' dir='ltr'>Item</span> <span class='ocrx_word' id='word_1_41' title='bbox 443 1084 512 1144; x_wconf 89' lang='lat' dir='ltr'>Kus</span> <span class='ocrx_word' id='word_1_42' title='bbox 544 1083 771 1146; x_wconf 88' lang='lat' dir='ltr'>Zkrilakouich</span> <span class='ocrx_word' id='word_1_43' title='bbox 805 1097 915 1146; x_wconf 89' lang='lat' dir='ltr'>contra</span> <span class='ocrx_word' id='word_1_44' title='bbox 946 1083 1123 1166; x_wconf 80' lang='lat' dir='ltr'>Georgium</span> <span class='ocrx_word' id='word_1_45' title='bbox 1155 1083 1259 1166; x_wconf 89' lang='lat' dir='ltr'>primo</span> <span class='ocrx_word' id='word_1_46' title='bbox 1292 1083 1405 1145; x_wconf 88' lang='lat' dir='ltr'>citatus</span> <span class='ocrx_word' id='word_1_47' title='bbox 1436 1100 1502 1143; x_wconf 95' lang='lat' dir='ltr'>non</span> 
     </span>
     <span class='ocr_line' id='line_1_8' title="bbox 235 1192 426 1273; baseline 0.01 -22"><span class='ocrx_word' id='word_1_48' title='bbox 235 1192 426 1273; x_wconf 87' lang='lat' dir='ltr'>comparuit.</span> 
     </span>
    </p>

    <p class='ocr_par' dir='ltr' id='par_1_5' title="bbox 234 1294 1502 1485">
     <span class='ocr_line' id='line_1_9' title="bbox 342 1294 1502 1378; baseline -0.002 -21"><span class='ocrx_word' id='word_1_49' title='bbox 342 1296 421 1359; x_wconf 88' lang='lat' dir='ltr'>Item</span> <span class='ocrx_word' id='word_1_50' title='bbox 447 1317 540 1359; x_wconf 88' lang='lat' dir='ltr'>causa</span> <span class='ocrx_word' id='word_1_51' title='bbox 572 1295 736 1358; x_wconf 89' lang='lat' dir='ltr'>Dominici</span> <span class='ocrx_word' id='word_1_52' title='bbox 768 1294 849 1357; x_wconf 83' lang='lat' dir='ltr'>fabri</span> <span class='ocrx_word' id='word_1_53' title='bbox 882 1309 993 1358; x_wconf 89' lang='lat' dir='ltr'>contra</span> <span class='ocrx_word' id='word_1_54' title='bbox 1021 1295 1200 1378; x_wconf 80' lang='lat' dir='ltr'>Georgium</span> <span class='ocrx_word' id='word_1_55' title='bbox 1232 1295 1362 1378; x_wconf 88' lang='lat' dir='ltr'>Mlynar</span> <span class='ocrx_word' id='word_1_56' title='bbox 1384 1294 1425 1356; x_wconf 90' lang='lat' dir='ltr'>ad</span> <span class='ocrx_word' id='word_1_57' title='bbox 1449 1313 1502 1356; x_wconf 92' lang='lat' dir='ltr'>oc·</span> 
     </span>
     <span class='ocr_line' id='line_1_10' title="bbox 234 1403 887 1485; baseline 0.002 -22"><span class='ocrx_word' id='word_1_58' title='bbox 234 1415 344 1464; x_wconf 88' lang='lat' dir='ltr'>tavum</span> <span class='ocrx_word' id='word_1_59' title='bbox 369 1403 456 1464; x_wconf 91' lang='lat' dir='ltr'>diem</span> <span class='ocrx_word' id='word_1_60' title='bbox 478 1403 518 1465; x_wconf 88' lang='lat' dir='ltr'>ad</span> <span class='ocrx_word' id='word_1_61' title='bbox 542 1422 656 1485; x_wconf 84' lang='lat' dir='ltr'>pacem</span> <span class='ocrx_word' id='word_1_62' title='bbox 680 1404 732 1463; x_wconf 76' lang='lat' dir='ltr'>est‘</span> <span class='ocrx_word' id='word_1_63' title='bbox 750 1415 887 1483; x_wconf 88' lang='lat' dir='ltr'>recepta.</span> 
     </span>
    </p>

    <p class='ocr_par' dir='ltr' id='par_1_6' title="bbox 234 1505 1502 1696">
     <span class='ocr_line' id='line_1_11' title="bbox 341 1505 1502 1587; baseline -0.003 -17"><span class='ocrx_word' id='word_1_64' title='bbox 341 1509 421 1571; x_wconf 91' lang='lat' dir='ltr'>Item</span> <span class='ocrx_word' id='word_1_65' title='bbox 454 1509 568 1571; x_wconf 86' lang='lat' dir='ltr'>Korlat</span> <span class='ocrx_word' id='word_1_66' title='bbox 599 1508 703 1569; x_wconf 88' lang='lat' dir='ltr'>dictus</span> <span class='ocrx_word' id='word_1_67' title='bbox 735 1508 844 1570; x_wconf 88' lang='lat' dir='ltr'>Sostar</span> <span class='ocrx_word' id='word_1_68' title='bbox 877 1521 986 1570; x_wconf 88' lang='lat' dir='ltr'>contra</span> <span class='ocrx_word' id='word_1_69' title='bbox 1018 1506 1199 1569; x_wconf 83' lang='lat' dir='ltr'>Iohannem</span> <span class='ocrx_word' id='word_1_70' title='bbox 1230 1507 1330 1568; x_wconf 89' lang='lat' dir='ltr'>Vasas</span> <span class='ocrx_word' id='word_1_71' title='bbox 1361 1505 1502 1587; x_wconf 91' lang='lat' dir='ltr'>judicem</span> 
     </span>
     <span class='ocr_line' id='line_1_12' title="bbox 234 1614 780 1696; baseline 0 -21"><span class='ocrx_word' id='word_1_72' title='bbox 234 1615 339 1696; x_wconf 91' lang='lat' dir='ltr'>primo</span> <span class='ocrx_word' id='word_1_73' title='bbox 363 1616 477 1677; x_wconf 87' lang='lat' dir='ltr'>citatus</span> <span class='ocrx_word' id='word_1_74' title='bbox 501 1635 566 1678; x_wconf 91' lang='lat' dir='ltr'>non</span> <span class='ocrx_word' id='word_1_75' title='bbox 590 1614 780 1696; x_wconf 86' lang='lat' dir='ltr'>comparuit.</span> 
     </span>
    </p>

    <p class='ocr_par' dir='ltr' id='par_1_7' title="bbox 237 1719 1501 1908">
     <span class='ocr_line' id='line_1_13' title="bbox 339 1719 1501 1802; baseline -0.003 -20"><span class='ocrx_word' id='word_1_76' title='bbox 339 1721 417 1782; x_wconf 91' lang='lat' dir='ltr'>Item</span> <span class='ocrx_word' id='word_1_77' title='bbox 455 1719 631 1802; x_wconf 80' lang='lat' dir='ltr'>Gregorius</span> <span class='ocrx_word' id='word_1_78' title='bbox 666 1720 799 1782; x_wconf 88' lang='lat' dir='ltr'>voschar</span> <span class='ocrx_word' id='word_1_79' title='bbox 835 1734 944 1783; x_wconf 85' lang='lat' dir='ltr'>contra</span> <span class='ocrx_word' id='word_1_80' title='bbox 981 1719 1186 1783; x_wconf 89' lang='lat' dir='ltr'>Clementem</span> <span class='ocrx_word' id='word_1_81' title='bbox 1216 1719 1323 1801; x_wconf 89' lang='lat' dir='ltr'>primo</span> <span class='ocrx_word' id='word_1_82' title='bbox 1368 1719 1501 1780; x_wconf 89' lang='lat' dir='ltr'>citatum</span> 
     </span>
     <span class='ocr_line' id='line_1_14' title="bbox 237 1826 455 1908; baseline 0.014 -22"><span class='ocrx_word' id='word_1_83' title='bbox 237 1826 455 1908; x_wconf 88' lang='lat' dir='ltr'>respondebit.</span> 
     </span>
    </p>

    <p class='ocr_par' dir='ltr' id='par_1_8' title="bbox 235 1930 1502 2123">
     <span class='ocr_line' id='line_1_15' title="bbox 278 1930 1502 2013; baseline -0.002 -20"><span class='ocrx_word' id='word_1_84' title='bbox 278 1944 281 1950; x_wconf 86' lang='grc'><em>·</em></span> <span class='ocrx_word' id='word_1_85' title='bbox 341 1932 420 1993; x_wconf 90' lang='lat' dir='ltr'>Item</span> <span class='ocrx_word' id='word_1_86' title='bbox 444 1951 539 1993; x_wconf 89' lang='lat' dir='ltr'>causa</span> <span class='ocrx_word' id='word_1_87' title='bbox 574 1933 674 1993; x_wconf 89' lang='lat' dir='ltr'>Marci</span> <span class='ocrx_word' id='word_1_88' title='bbox 705 1944 815 1993; x_wconf 87' lang='lat' dir='ltr'>contra</span> <span class='ocrx_word' id='word_1_89' title='bbox 848 1931 1027 2013; x_wconf 88' lang='lat' dir='ltr'>Georgium</span> <span class='ocrx_word' id='word_1_90' title='bbox 1058 1945 1263 2013; x_wconf 87' lang='lat' dir='ltr'>prenotatum</span> <span class='ocrx_word' id='word_1_91' title='bbox 1287 1930 1329 1992; x_wconf 87' lang='lat' dir='ltr'>ad</span> <span class='ocrx_word' id='word_1_92' title='bbox 1353 1942 1502 1991; x_wconf 89' lang='lat' dir='ltr'>octavum</span> 
     </span>
     <span class='ocr_line' id='line_1_16' title="bbox 235 2035 1458 2123; baseline 0 -26"><span class='ocrx_word' id='word_1_93' title='bbox 235 2035 321 2098; x_wconf 91' lang='lat' dir='ltr'>diem</span> <span class='ocrx_word' id='word_1_94' title='bbox 346 2037 386 2098; x_wconf 87' lang='lat' dir='ltr'>ad</span> <span class='ocrx_word' id='word_1_95' title='bbox 410 2057 522 2120; x_wconf 87' lang='lat' dir='ltr'>pacem</span> <span class='ocrx_word' id='word_1_96' title='bbox 547 2051 594 2099; x_wconf 92' lang='lat' dir='ltr'>est</span> <span class='ocrx_word' id='word_1_97' title='bbox 617 2051 753 2120; x_wconf 90' lang='lat' dir='ltr'>recepta,</span> <span class='ocrx_word' id='word_1_98' title='bbox 777 2051 808 2099; x_wconf 91' lang='lat' dir='ltr'>et</span> <span class='ocrx_word' id='word_1_99' title='bbox 831 2036 893 2099; x_wconf 95' lang='lat' dir='ltr'>hoc</span> <span class='ocrx_word' id='word_1_100' title='bbox 916 2039 947 2099; x_wconf 83' lang='lat' dir='ltr'>ln</span> <span class='ocrx_word' id='word_1_101' title='bbox 974 2036 1057 2100; x_wconf 88' lang='lat' dir='ltr'>facto</span> <span class='ocrx_word' id='word_1_102' title='bbox 1082 2036 1249 2099; x_wconf 87' lang='lat' dir='ltr'>cuiusdam</span> <span class='ocrx_word' id='word_1_103' title='bbox 1274 2036 1362 2118; x_wconf 89' lang='lat' dir='ltr'>equi.</span> <span class='ocrx_word' id='word_1_104' title='bbox 1455 2118 1458 2123; x_wconf 84' lang='lat'>.</span> 
     </span>
    </p>

    <p class='ocr_par' dir='ltr' id='par_1_9' title="bbox 230 2141 1504 2543">
     <span class='ocr_line' id='line_1_17' title="bbox 342 2141 1500 2225; baseline -0.002 -21"><span class='ocrx_word' id='word_1_105' title='bbox 342 2143 421 2205; x_wconf 91' lang='lat' dir='ltr'>Item</span> <span class='ocrx_word' id='word_1_106' title='bbox 446 2143 608 2205; x_wconf 88' lang='lat' dir='ltr'>Iohannes</span> <span class='ocrx_word' id='word_1_107' title='bbox 632 2142 717 2205; x_wconf 88' lang='lat' dir='ltr'>filius</span> <span class='ocrx_word' id='word_1_108' title='bbox 740 2144 826 2205; x_wconf 89' lang='lat' dir='ltr'>Iwan</span> <span class='ocrx_word' id='word_1_109' title='bbox 850 2142 906 2205; x_wconf 87' lang='lat' dir='ltr'>filii</span> <span class='ocrx_word' id='word_1_110' title='bbox 932 2142 1072 2206; x_wconf 89' lang='lat' dir='ltr'>Chemer</span> <span class='ocrx_word' id='word_1_111' title='bbox 1095 2162 1190 2225; x_wconf 91' lang='lat' dir='ltr'>super</span> <span class='ocrx_word' id='word_1_112' title='bbox 1214 2142 1327 2205; x_wconf 89' lang='lat' dir='ltr'>decem</span> <span class='ocrx_word' id='word_1_113' title='bbox 1352 2157 1383 2204; x_wconf 91' lang='lat' dir='ltr'>et</span> <span class='ocrx_word' id='word_1_114' title='bbox 1407 2141 1500 2223; x_wconf 91' lang='lat' dir='ltr'>quin·</span> 
     </span>
     <span class='ocr_line' id='line_1_18' title="bbox 230 2248 1504 2331; baseline 0 -22"><span class='ocrx_word' id='word_1_115' title='bbox 230 2248 467 2310; x_wconf 88' lang='lat' dir='ltr'>tamdimidiam</span> <span class='ocrx_word' id='word_1_116' title='bbox 500 2269 621 2311; x_wconf 87' lang='lat' dir='ltr'>marcas</span> <span class='ocrx_word' id='word_1_117' title='bbox 652 2249 859 2312; x_wconf 88' lang='lat' dir='ltr'>denariorum</span> <span class='ocrx_word' id='word_1_118' title='bbox 887 2269 988 2331; x_wconf 88' lang='lat' dir='ltr'>usque</span> <span class='ocrx_word' id='word_1_119' title='bbox 1020 2262 1170 2311; x_wconf 87' lang='lat' dir='ltr'>octavum</span> <span class='ocrx_word' id='word_1_120' title='bbox 1201 2248 1299 2326; x_wconf 91' lang='lat' dir='ltr'>diem,</span> <span class='ocrx_word' id='word_1_121' title='bbox 1331 2267 1390 2330; x_wconf 92' lang='lat' dir='ltr'>pro</span> <span class='ocrx_word' id='word_1_122' title='bbox 1416 2249 1504 2309; x_wconf 90' lang='lat' dir='ltr'>Lau·</span> 
     </span>
     <span class='ocr_line' id='line_1_19' title="bbox 235 2353 1502 2436; baseline 0.002 -23"><span class='ocrx_word' id='word_1_123' title='bbox 235 2355 343 2415; x_wconf 83' lang='lat' dir='ltr'>rencIo</span> <span class='ocrx_word' id='word_1_124' title='bbox 368 2353 535 2417; x_wconf 85' lang='lat' dir='ltr'>fideiussor</span> <span class='ocrx_word' id='word_1_125' title='bbox 559 2355 673 2434; x_wconf 83' lang='lat' dir='ltr'>existit,</span> <span class='ocrx_word' id='word_1_126' title='bbox 697 2368 732 2416; x_wconf 94' lang='lat' dir='ltr'>ut</span> <span class='ocrx_word' id='word_1_127' title='bbox 756 2354 874 2417; x_wconf 90' lang='lat' dir='ltr'>dictam</span> <span class='ocrx_word' id='word_1_128' title='bbox 905 2355 1076 2436; x_wconf 90' lang='lat' dir='ltr'>pecuniam</span> <span class='ocrx_word' id='word_1_129' title='bbox 1107 2374 1209 2436; x_wconf 88' lang='lat' dir='ltr'>usque</span> <span class='ocrx_word' id='word_1_130' title='bbox 1241 2353 1424 2436; x_wconf 89' lang='lat' dir='ltr'>predictum</span> <span class='ocrx_word' id='word_1_131' title='bbox 1448 2373 1502 2416; x_wconf 95' lang='lat' dir='ltr'>oc-</span> 
     </span>
     <span class='ocr_line' id='line_1_20' title="bbox 235 2460 1385 2543; baseline 0 -23"><span class='ocrx_word' id='word_1_132' title='bbox 235 2472 344 2521; x_wconf 91' lang='lat' dir='ltr'>tavum</span> <span class='ocrx_word' id='word_1_133' title='bbox 369 2460 455 2521; x_wconf 89' lang='lat' dir='ltr'>diem</span> <span class='ocrx_word' id='word_1_134' title='bbox 480 2461 600 2543; x_wconf 87' lang='lat' dir='ltr'>Spano,</span> <span class='ocrx_word' id='word_1_135' title='bbox 624 2461 777 2543; x_wconf 91' lang='lat' dir='ltr'>ponendo</span> <span class='ocrx_word' id='word_1_136' title='bbox 801 2462 883 2522; x_wconf 91' lang='lat' dir='ltr'>inter</span> <span class='ocrx_word' id='word_1_137' title='bbox 907 2481 962 2522; x_wconf 90' lang='lat' dir='ltr'>eos</span> <span class='ocrx_word' id='word_1_138' title='bbox 992 2461 1167 2539; x_wconf 85' lang='lat' dir='ltr'>racionem,</span> <span class='ocrx_word' id='word_1_139' title='bbox 1191 2460 1385 2542; x_wconf 85' lang='lat' dir='ltr'>persolvent.</span> 
     </span>
    </p>

    <p class='ocr_par' dir='ltr' id='par_1_10' title="bbox 234 2565 1502 2842">
     <span class='ocr_line' id='line_1_21' title="bbox 341 2565 1502 2661; baseline 0.002 -35"><span class='ocrx_word' id='word_1_140' title='bbox 341 2565 420 2627; x_wconf 90' lang='lat' dir='ltr'>Item</span> <span class='ocrx_word' id='word_1_141' title='bbox 445 2567 595 2628; x_wconf 87' lang='lat' dir='ltr'>Marenus</span> <span class='ocrx_word' id='word_1_142' title='bbox 620 2566 757 2629; x_wconf 91' lang='lat' dir='ltr'>condam</span> <span class='ocrx_word' id='word_1_143' title='bbox 781 2566 902 2648; x_wconf 81' lang='lat' dir='ltr'>juratus</span> <span class='ocrx_word' id='word_1_144' title='bbox 926 2566 1066 2648; x_wconf 89' lang='lat' dir='ltr'>quedam</span> <span class='ocrx_word' id='word_1_145' title='bbox 1081 2567 1217 2661; x_wconf 74' lang='lat' dir='ltr'>literalis</span> <span class='ocrx_word' id='word_1_146' title='bbox 1243 2566 1444 2627; x_wconf 87' lang='lat' dir='ltr'>munimenta</span> <span class='ocrx_word' id='word_1_147' title='bbox 1469 2566 1502 2628; x_wconf 94' lang='lat' dir='ltr'>in</span> 
     </span>
     <span class='ocr_line' id='line_1_22' title="bbox 234 2671 1500 2754; baseline 0.002 -23"><span class='ocrx_word' id='word_1_148' title='bbox 234 2671 338 2751; x_wconf 92' lang='lat' dir='ltr'>primo</span> <span class='ocrx_word' id='word_1_149' title='bbox 362 2671 484 2750; x_wconf 83' lang='lat' dir='ltr'>judicio</span> <span class='ocrx_word' id='word_1_150' title='bbox 510 2672 652 2754; x_wconf 91' lang='lat' dir='ltr'>Georgio</span> <span class='ocrx_word' id='word_1_151' title='bbox 676 2672 744 2735; x_wconf 88' lang='lat' dir='ltr'>filio</span> <span class='ocrx_word' id='word_1_152' title='bbox 768 2672 898 2734; x_wconf 91' lang='lat' dir='ltr'>Thome</span> <span class='ocrx_word' id='word_1_153' title='bbox 919 2673 995 2735; x_wconf 89' lang='lat' dir='ltr'>dare</span> <span class='ocrx_word' id='word_1_154' title='bbox 1020 2672 1116 2736; x_wconf 91' lang='lat' dir='ltr'>debet</span> <span class='ocrx_word' id='word_1_155' title='bbox 1140 2687 1170 2735; x_wconf 93' lang='lat' dir='ltr'>et</span> <span class='ocrx_word' id='word_1_156' title='bbox 1194 2671 1255 2734; x_wconf 94' lang='lat' dir='ltr'>hoc</span> <span class='ocrx_word' id='word_1_157' title='bbox 1280 2673 1312 2733; x_wconf 90' lang='lat' dir='ltr'>in</span> <span class='ocrx_word' id='word_1_158' title='bbox 1337 2673 1500 2754; x_wconf 89' lang='lat' dir='ltr'>presencia</span> 
     </span>
     <span class='ocr_line' id='line_1_23' title="bbox 237 2775 521 2842; baseline 0.018 -6"><span class='ocrx_word' id='word_1_159' title='bbox 237 2775 334 2837; x_wconf 89' lang='lat' dir='ltr'>Blasii</span> <span class='ocrx_word' id='word_1_160' title='bbox 360 2777 521 2842; x_wconf 80' lang='lat' dir='ltr'>aurifabri.</span> 
     </span>
    </p>

    <p class='ocr_par' dir='ltr' id='par_1_11' title="bbox 235 2880 1502 3174">
     <span class='ocr_line' id='line_1_24' title="bbox 340 2880 1502 2968; baseline 0.003 -24"><span class='ocrx_word' id='word_1_161' title='bbox 340 2880 416 2944; x_wconf 93' lang='lat' dir='ltr'>Item</span> <span class='ocrx_word' id='word_1_162' title='bbox 441 2884 633 2946; x_wconf 87' lang='lat' dir='ltr'>Dominicus</span> <span class='ocrx_word' id='word_1_163' title='bbox 658 2883 798 2946; x_wconf 84' lang='lat' dir='ltr'>famulus</span> <span class='ocrx_word' id='word_1_164' title='bbox 829 2884 1077 2968; x_wconf 87' lang='lat' dir='ltr'>Andreyeuicha</span> <span class='ocrx_word' id='word_1_165' title='bbox 1099 2885 1241 2947; x_wconf 90' lang='lat' dir='ltr'>secundo</span> <span class='ocrx_word' id='word_1_166' title='bbox 1275 2906 1308 2947; x_wconf 88' lang='lat' dir='ltr'>se</span> <span class='ocrx_word' id='word_1_167' title='bbox 1334 2887 1365 2948; x_wconf 89' lang='lat' dir='ltr'>in</span> <span class='ocrx_word' id='word_1_168' title='bbox 1391 2906 1430 2948; x_wconf 92' lang='lat' dir='ltr'>eo</span> <span class='ocrx_word' id='word_1_169' title='bbox 1455 2885 1502 2966; x_wconf 88' lang='lat' dir='ltr'>ju·</span> 
     </span>
     <span class='ocr_line' id='line_1_25' title="bbox 236 2988 1502 3074; baseline 0.004 -26"><span class='ocrx_word' id='word_1_170' title='bbox 236 2988 329 3067; x_wconf 88' lang='lat' dir='ltr'>rabit,</span> <span class='ocrx_word' id='word_1_171' title='bbox 354 2989 447 3071; x_wconf 87' lang='lat' dir='ltr'>quod</span> <span class='ocrx_word' id='word_1_172' title='bbox 475 2990 632 3051; x_wconf 90' lang='lat' dir='ltr'>Martinus</span> <span class='ocrx_word' id='word_1_173' title='bbox 662 2991 818 3074; x_wconf 83' lang='lat' dir='ltr'>Zelryrich</span> <span class='ocrx_word' id='word_1_174' title='bbox 851 2992 956 3073; x_wconf 91' lang='lat' dir='ltr'>ipsum</span> <span class='ocrx_word' id='word_1_175' title='bbox 990 2991 1140 3053; x_wconf 88' lang='lat' dir='ltr'>letalibus</span> <span class='ocrx_word' id='word_1_176' title='bbox 1171 2992 1359 3054; x_wconf 92' lang='lat' dir='ltr'>vulneribus</span> <span class='ocrx_word' id='word_1_177' title='bbox 1391 2992 1502 3053; x_wconf 91' lang='lat' dir='ltr'>vulne-</span> 
     </span>
     <span class='ocr_line' id='line_1_26' title="bbox 235 3096 709 3174; baseline 0.008 -19"><span class='ocrx_word' id='word_1_178' title='bbox 235 3110 343 3174; x_wconf 89' lang='lat' dir='ltr'>rasset,</span> <span class='ocrx_word' id='word_1_179' title='bbox 368 3110 399 3157; x_wconf 92' lang='lat' dir='ltr'>et</span> <span class='ocrx_word' id='word_1_180' title='bbox 423 3096 484 3157; x_wconf 92' lang='lat' dir='ltr'>hoc</span> <span class='ocrx_word' id='word_1_181' title='bbox 508 3109 623 3158; x_wconf 89' lang='lat' dir='ltr'>octavo</span> <span class='ocrx_word' id='word_1_182' title='bbox 647 3097 709 3159; x_wconf 92' lang='lat' dir='ltr'>die.</span> 
     </span>
    </p>

    <p class='ocr_par' dir='ltr' id='par_1_12' title="bbox 235 3201 1502 3498">
     <span class='ocr_line' id='line_1_27' title="bbox 340 3201 1501 3286; baseline 0.003 -24"><span class='ocrx_word' id='word_1_183' title='bbox 340 3201 418 3263; x_wconf 93' lang='lat' dir='ltr'>Item</span> <span class='ocrx_word' id='word_1_184' title='bbox 443 3201 532 3283; x_wconf 89' lang='lat' dir='ltr'>quod</span> <span class='ocrx_word' id='word_1_185' title='bbox 554 3202 630 3283; x_wconf 90' lang='lat' dir='ltr'>quia</span> <span class='ocrx_word' id='word_1_186' title='bbox 655 3203 781 3264; x_wconf 87' lang='lat' dir='ltr'>Marcus</span> <span class='ocrx_word' id='word_1_187' title='bbox 804 3201 889 3264; x_wconf 91' lang='lat' dir='ltr'>filius</span> <span class='ocrx_word' id='word_1_188' title='bbox 917 3203 1054 3285; x_wconf 88' lang='lat' dir='ltr'>Mykech</span> <span class='ocrx_word' id='word_1_189' title='bbox 1086 3204 1119 3264; x_wconf 94' lang='lat' dir='ltr'>in</span> <span class='ocrx_word' id='word_1_190' title='bbox 1143 3202 1229 3266; x_wconf 85' lang='lat' dir='ltr'>facto</span> <span class='ocrx_word' id='word_1_191' title='bbox 1253 3203 1422 3266; x_wconf 90' lang='lat' dir='ltr'>cuiusdam</span> <span class='ocrx_word' id='word_1_192' title='bbox 1447 3224 1501 3286; x_wconf 90' lang='lat' dir='ltr'>pe-</span> 
     </span>
     <span class='ocr_line' id='line_1_28' title="bbox 236 3307 1502 3391; baseline 0.003 -24"><span class='ocrx_word' id='word_1_193' title='bbox 236 3307 329 3367; x_wconf 92' lang='lat' dir='ltr'>cunie</span> <span class='ocrx_word' id='word_1_194' title='bbox 354 3321 384 3368; x_wconf 91' lang='lat' dir='ltr'>et</span> <span class='ocrx_word' id='word_1_195' title='bbox 407 3308 510 3369; x_wconf 89' lang='lat' dir='ltr'>tribus</span> <span class='ocrx_word' id='word_1_196' title='bbox 534 3309 638 3369; x_wconf 92' lang='lat' dir='ltr'>bobus</span> <span class='ocrx_word' id='word_1_197' title='bbox 661 3321 756 3370; x_wconf 88' lang='lat' dir='ltr'>testes</span> <span class='ocrx_word' id='word_1_198' title='bbox 784 3327 859 3369; x_wconf 91' lang='lat' dir='ltr'>suos</span> <span class='ocrx_word' id='word_1_199' title='bbox 891 3307 1035 3370; x_wconf 81' lang='lat' dir='ltr'>efficaces</span> <span class='ocrx_word' id='word_1_200' title='bbox 1067 3322 1177 3371; x_wconf 89' lang='lat' dir='ltr'>contra</span> <span class='ocrx_word' id='word_1_201' title='bbox 1203 3307 1382 3391; x_wconf 92' lang='lat' dir='ltr'>Georgium</span> <span class='ocrx_word' id='word_1_202' title='bbox 1407 3310 1502 3371; x_wconf 85' lang='lat' dir='ltr'>Blan-</span> 
     </span>
     <span class='ocr_line' id='line_1_29' title="bbox 235 3411 1455 3498; baseline 0.005 -25"><span class='ocrx_word' id='word_1_203' title='bbox 235 3411 336 3494; x_wconf 88' lang='lat' dir='ltr'>chych</span> <span class='ocrx_word' id='word_1_204' title='bbox 361 3412 483 3474; x_wconf 91' lang='lat' dir='ltr'>dictum</span> <span class='ocrx_word' id='word_1_205' title='bbox 506 3412 684 3495; x_wconf 90' lang='lat' dir='ltr'>producere</span> <span class='ocrx_word' id='word_1_206' title='bbox 708 3433 773 3474; x_wconf 91' lang='lat' dir='ltr'>non</span> <span class='ocrx_word' id='word_1_207' title='bbox 799 3413 910 3493; x_wconf 87' lang='lat' dir='ltr'>valuit,</span> <span class='ocrx_word' id='word_1_208' title='bbox 934 3414 1008 3476; x_wconf 93' lang='lat' dir='ltr'>ideo</span> <span class='ocrx_word' id='word_1_209' title='bbox 1037 3435 1166 3477; x_wconf 87' lang='lat' dir='ltr'>causam</span> <span class='ocrx_word' id='word_1_210' title='bbox 1189 3436 1281 3478; x_wconf 90' lang='lat' dir='ltr'>suam</span> <span class='ocrx_word' id='word_1_211' title='bbox 1305 3415 1455 3498; x_wconf 90' lang='lat' dir='ltr'>perdidit.</span> 
     </span>
    </p>

    <p class='ocr_par' dir='ltr' id='par_1_13' title="bbox 235 3519 1501 3708">
     <span class='ocr_line' id='line_1_30' title="bbox 340 3519 1501 3604; baseline 0.002 -24"><span class='ocrx_word' id='word_1_212' title='bbox 340 3519 418 3580; x_wconf 87' lang='lat' dir='ltr'>Item</span> <span class='ocrx_word' id='word_1_213' title='bbox 443 3519 605 3581; x_wconf 88' lang='lat' dir='ltr'>Iohannes</span> <span class='ocrx_word' id='word_1_214' title='bbox 630 3520 846 3602; x_wconf 87' lang='lat' dir='ltr'>carpentarius</span> <span class='ocrx_word' id='word_1_215' title='bbox 862 3520 1004 3582; x_wconf 92' lang='lat' dir='ltr'>secundo</span> <span class='ocrx_word' id='word_1_216' title='bbox 1025 3540 1058 3582; x_wconf 91' lang='lat' dir='ltr'>se</span> <span class='ocrx_word' id='word_1_217' title='bbox 1083 3541 1240 3604; x_wconf 89' lang='lat' dir='ltr'>supereo</span> <span class='ocrx_word' id='word_1_218' title='bbox 1266 3520 1395 3603; x_wconf 89' lang='lat' dir='ltr'>jurabit,</span> <span class='ocrx_word' id='word_1_219' title='bbox 1413 3521 1501 3604; x_wconf 94' lang='lat' dir='ltr'>quod</span> 
     </span>
     <span class='ocr_line' id='line_1_31' title="bbox 235 3623 1453 3708; baseline 0.005 -25"><span class='ocrx_word' id='word_1_220' title='bbox 235 3623 390 3685; x_wconf 88' lang='lat' dir='ltr'>Martinus</span> <span class='ocrx_word' id='word_1_221' title='bbox 414 3623 518 3686; x_wconf 86' lang='lat' dir='ltr'>dictus</span> <span class='ocrx_word' id='word_1_222' title='bbox 543 3624 725 3708; x_wconf 90' lang='lat' dir='ltr'>Herketych</span> <span class='ocrx_word' id='word_1_223' title='bbox 751 3626 856 3707; x_wconf 88' lang='lat' dir='ltr'>ipsum</span> <span class='ocrx_word' id='word_1_224' title='bbox 879 3626 1085 3705; x_wconf 88' lang='lat' dir='ltr'>vulnerasset,</span> <span class='ocrx_word' id='word_1_225' title='bbox 1111 3641 1142 3689; x_wconf 92' lang='lat' dir='ltr'>et</span> <span class='ocrx_word' id='word_1_226' title='bbox 1165 3627 1226 3689; x_wconf 93' lang='lat' dir='ltr'>hoc</span> <span class='ocrx_word' id='word_1_227' title='bbox 1251 3643 1366 3689; x_wconf 90' lang='lat' dir='ltr'>octavo</span> <span class='ocrx_word' id='word_1_228' title='bbox 1391 3629 1453 3690; x_wconf 90' lang='lat' dir='ltr'>die.</span> 
     </span>
    </p>

    <p class='ocr_par' dir='ltr' id='par_1_14' title="bbox 235 3730 1502 4322">
     <span class='ocr_line' id='line_1_32' title="bbox 342 3730 1501 3817; baseline 0.004 -26"><span class='ocrx_word' id='word_1_229' title='bbox 342 3730 419 3791; x_wconf 93' lang='lat' dir='ltr'>Item</span> <span class='ocrx_word' id='word_1_230' title='bbox 444 3751 537 3792; x_wconf 88' lang='lat' dir='ltr'>causa</span> <span class='ocrx_word' id='word_1_231' title='bbox 562 3731 692 3794; x_wconf 88' lang='lat' dir='ltr'>Chernk</span> <span class='ocrx_word' id='word_1_232' title='bbox 717 3744 748 3793; x_wconf 92' lang='lat' dir='ltr'>et</span> <span class='ocrx_word' id='word_1_233' title='bbox 772 3730 906 3813; x_wconf 88' lang='lat' dir='ltr'>Georgii</span> <span class='ocrx_word' id='word_1_234' title='bbox 924 3733 999 3794; x_wconf 92' lang='lat' dir='ltr'>dicti</span> <span class='ocrx_word' id='word_1_235' title='bbox 1024 3733 1171 3816; x_wconf 83' lang='lat' dir='ltr'>SydouIn</span> <span class='ocrx_word' id='word_1_236' title='bbox 1195 3749 1241 3796; x_wconf 91' lang='lat' dir='ltr'>est</span> <span class='ocrx_word' id='word_1_237' title='bbox 1265 3755 1321 3817; x_wconf 91' lang='lat' dir='ltr'>per</span> <span class='ocrx_word' id='word_1_238' title='bbox 1345 3749 1441 3797; x_wconf 90' lang='lat' dir='ltr'>testes</span> <span class='ocrx_word' id='word_1_239' title='bbox 1461 3735 1501 3797; x_wconf 89' lang='lat' dir='ltr'>ad</span> 
     </span>
     <span class='ocr_line' id='line_1_33' title="bbox 237 3836 1502 3922; baseline 0.006 -27"><span class='ocrx_word' id='word_1_240' title='bbox 237 3849 396 3897; x_wconf 86' lang='lat' dir='ltr'>octavum·</span> <span class='ocrx_word' id='word_1_241' title='bbox 411 3836 496 3898; x_wconf 91' lang='lat' dir='ltr'>diem</span> <span class='ocrx_word' id='word_1_242' title='bbox 515 3852 685 3919; x_wconf 87' lang='lat' dir='ltr'>prorogata</span> <span class='ocrx_word' id='word_1_243' title='bbox 702 3857 741 3900; x_wconf 92' lang='lat' dir='ltr'>eo</span> <span class='ocrx_word' id='word_1_244' title='bbox 770 3838 880 3918; x_wconf 88' lang='lat' dir='ltr'>modo,</span> <span class='ocrx_word' id='word_1_245' title='bbox 903 3838 992 3920; x_wconf 92' lang='lat' dir='ltr'>quod</span> <span class='ocrx_word' id='word_1_246' title='bbox 1020 3839 1046 3900; x_wconf 88' lang='lat' dir='ltr'>si</span> <span class='ocrx_word' id='word_1_247' title='bbox 1074 3839 1178 3902; x_wconf 85' lang='lat' dir='ltr'>dIctus</span> <span class='ocrx_word' id='word_1_248' title='bbox 1206 3840 1370 3922; x_wconf 88' lang='lat' dir='ltr'>Georgius</span> <span class='ocrx_word' id='word_1_249' title='bbox 1393 3841 1502 3903; x_wconf 91' lang='lat' dir='ltr'>eidem</span> 
     </span>
     <span class='ocr_line' id='line_1_34' title="bbox 235 3939 1500 4027; baseline 0.006 -26"><span class='ocrx_word' id='word_1_250' title='bbox 235 3939 364 4002; x_wconf 90' lang='lat' dir='ltr'>Chernk</span> <span class='ocrx_word' id='word_1_251' title='bbox 382 3962 440 4023; x_wconf 93' lang='lat' dir='ltr'>pro</span> <span class='ocrx_word' id='word_1_252' title='bbox 465 3943 659 4025; x_wconf 86' lang='lat' dir='ltr'>quibusdam</span> <span class='ocrx_word' id='word_1_253' title='bbox 683 3944 747 4006; x_wconf 92' lang='lat' dir='ltr'>suis</span> <span class='ocrx_word' id='word_1_254' title='bbox 771 3945 951 4006; x_wconf 86' lang='lat' dir='ltr'>excessibus</span> <span class='ocrx_word' id='word_1_255' title='bbox 967 3965 1068 4027; x_wconf 90' lang='lat' dir='ltr'>usque</span> <span class='ocrx_word' id='word_1_256' title='bbox 1093 3945 1214 4008; x_wconf 92' lang='lat' dir='ltr'>dictum</span> <span class='ocrx_word' id='word_1_257' title='bbox 1232 3960 1384 4008; x_wconf 90' lang='lat' dir='ltr'>octavum</span> <span class='ocrx_word' id='word_1_258' title='bbox 1409 3946 1500 4009; x_wconf 90' lang='lat' dir='ltr'>diem</span> 
     </span>
     <span class='ocr_line' id='line_1_35' title="bbox 236 4045 1498 4133; baseline 0.008 -27"><span class='ocrx_word' id='word_1_259' title='bbox 236 4045 490 4109; x_wconf 79' lang='lat' dir='ltr'>satisfaccionem</span> <span class='ocrx_word' id='word_1_260' title='bbox 515 4049 708 4129; x_wconf 91' lang='lat' dir='ltr'>inpenderit,</span> <span class='ocrx_word' id='word_1_261' title='bbox 725 4050 895 4132; x_wconf 89' lang='lat' dir='ltr'>ipsumque</span> <span class='ocrx_word' id='word_1_262' title='bbox 919 4052 1076 4112; x_wconf 88' lang='lat' dir='ltr'>curaverit</span> <span class='ocrx_word' id='word_1_263' title='bbox 1100 4065 1131 4113; x_wconf 92' lang='lat' dir='ltr'>et</span> <span class='ocrx_word' id='word_1_264' title='bbox 1146 4052 1243 4113; x_wconf 93' lang='lat' dir='ltr'>simili</span> <span class='ocrx_word' id='word_1_265' title='bbox 1261 4052 1361 4114; x_wconf 92' lang='lat' dir='ltr'>modo</span> <span class='ocrx_word' id='word_1_266' title='bbox 1384 4053 1498 4133; x_wconf 89' lang='lat' dir='ltr'>judici,</span> 
     </span>
     <span class='ocr_line' id='line_1_36' title="bbox 235 4154 1501 4238; baseline 0.007 -26"><span class='ocrx_word' id='word_1_267' title='bbox 235 4164 311 4214; x_wconf 91' lang='lat' dir='ltr'>tunc</span> <span class='ocrx_word' id='word_1_268' title='bbox 335 4154 436 4214; x_wconf 91' lang='lat' dir='ltr'>eciam</span> <span class='ocrx_word' id='word_1_269' title='bbox 466 4169 496 4216; x_wconf 92' lang='lat' dir='ltr'>et</span> <span class='ocrx_word' id='word_1_270' title='bbox 520 4154 642 4235; x_wconf 87' lang='lat' dir='ltr'>judices</span> <span class='ocrx_word' id='word_1_271' title='bbox 666 4155 705 4217; x_wconf 93' lang='lat' dir='ltr'>de</span> <span class='ocrx_word' id='word_1_272' title='bbox 730 4155 872 4238; x_wconf 86' lang='lat' dir='ltr'>prefacto</span> <span class='ocrx_word' id='word_1_273' title='bbox 897 4156 1040 4238; x_wconf 90' lang='lat' dir='ltr'>Georgio</span> <span class='ocrx_word' id='word_1_274' title='bbox 1072 4155 1276 4219; x_wconf 83' lang='lat' dir='ltr'>diffinitivam</span> <span class='ocrx_word' id='word_1_275' title='bbox 1302 4160 1501 4222; x_wconf 91' lang='lat' dir='ltr'>sentenciam</span> 
     </span>
     <span class='ocr_line' id='line_1_37' title="bbox 237 4255 492 4322; baseline 0.012 -4"><span class='ocrx_word' id='word_1_276' title='bbox 237 4255 340 4320; x_wconf 87' lang='lat' dir='ltr'>facere</span> <span class='ocrx_word' id='word_1_277' title='bbox 365 4259 492 4322; x_wconf 89' lang='lat' dir='ltr'>debent.</span> 
     </span>
    </p>

    <p class='ocr_par' dir='ltr' id='par_1_15' title="bbox 237 4364 1501 4556">
     <span class='ocr_line' id='line_1_38' title="bbox 343 4364 1501 4450; baseline 0.005 -24"><span class='ocrx_word' id='word_1_278' title='bbox 343 4364 422 4427; x_wconf 85' lang='lat' dir='ltr'>Item</span> <span class='ocrx_word' id='word_1_279' title='bbox 448 4367 593 4429; x_wconf 85' lang='lat' dir='ltr'>Andreas</span> <span class='ocrx_word' id='word_1_280' title='bbox 618 4366 802 4449; x_wconf 86' lang='lat' dir='ltr'>Gustchych</span> <span class='ocrx_word' id='word_1_281' title='bbox 827 4367 931 4429; x_wconf 91' lang='lat' dir='ltr'>dictus</span> <span class='ocrx_word' id='word_1_282' title='bbox 960 4368 1102 4431; x_wconf 90' lang='lat' dir='ltr'>secundo</span> <span class='ocrx_word' id='word_1_283' title='bbox 1126 4390 1158 4430; x_wconf 91' lang='lat' dir='ltr'>se</span> <span class='ocrx_word' id='word_1_284' title='bbox 1191 4389 1285 4450; x_wconf 92' lang='lat' dir='ltr'>super</span> <span class='ocrx_word' id='word_1_285' title='bbox 1311 4390 1350 4431; x_wconf 93' lang='lat' dir='ltr'>eo</span> <span class='ocrx_word' id='word_1_286' title='bbox 1374 4369 1501 4449; x_wconf 86' lang='lat' dir='ltr'>jurabit,</span> 
     </span>
     <span class='ocr_line' id='line_1_39' title="bbox 237 4470 1500 4556; baseline 0.007 -26"><span class='ocrx_word' id='word_1_287' title='bbox 237 4470 324 4550; x_wconf 92' lang='lat' dir='ltr'>quod</span> <span class='ocrx_word' id='word_1_288' title='bbox 349 4473 503 4533; x_wconf 86' lang='lat' dir='ltr'>Nicolaus</span> <span class='ocrx_word' id='word_1_289' title='bbox 527 4472 666 4534; x_wconf 86' lang='lat' dir='ltr'>famulus</span> <span class='ocrx_word' id='word_1_290' title='bbox 682 4472 828 4556; x_wconf 91' lang='lat' dir='ltr'>Vydonis</span> <span class='ocrx_word' id='word_1_291' title='bbox 853 4493 927 4536; x_wconf 92' lang='lat' dir='ltr'>eum</span> <span class='ocrx_word' id='word_1_292' title='bbox 944 4474 1152 4554; x_wconf 89' lang='lat' dir='ltr'>vulnerasset,</span> <span class='ocrx_word' id='word_1_293' title='bbox 1176 4488 1207 4537; x_wconf 93' lang='lat' dir='ltr'>et</span> <span class='ocrx_word' id='word_1_294' title='bbox 1228 4475 1289 4537; x_wconf 94' lang='lat' dir='ltr'>hoc</span> <span class='ocrx_word' id='word_1_295' title='bbox 1306 4490 1420 4537; x_wconf 90' lang='lat' dir='ltr'>octavo</span> <span class='ocrx_word' id='word_1_296' title='bbox 1438 4476 1500 4539; x_wconf 89' lang='lat' dir='ltr'>die.</span> 
     </span>
    </p>

    <p class='ocr_par' dir='ltr' id='par_1_16' title="bbox 236 4577 1502 4872">
     <span class='ocr_line' id='line_1_40' title="bbox 342 4577 1502 4664; baseline 0.004 -26"><span class='ocrx_word' id='word_1_297' title='bbox 342 4577 420 4639; x_wconf 87' lang='lat' dir='ltr'>Item</span> <span class='ocrx_word' id='word_1_298' title='bbox 444 4579 597 4640; x_wconf 91' lang='lat' dir='ltr'>Nicolaus</span> <span class='ocrx_word' id='word_1_299' title='bbox 626 4580 769 4640; x_wconf 88' lang='lat' dir='ltr'>sororius</span> <span class='ocrx_word' id='word_1_300' title='bbox 792 4579 925 4660; x_wconf 88' lang='lat' dir='ltr'>Georgii</span> <span class='ocrx_word' id='word_1_301' title='bbox 957 4581 1147 4662; x_wconf 88' lang='lat' dir='ltr'>carpentarii</span> <span class='ocrx_word' id='word_1_302' title='bbox 1179 4581 1322 4643; x_wconf 89' lang='lat' dir='ltr'>secundo</span> <span class='ocrx_word' id='word_1_303' title='bbox 1348 4603 1381 4644; x_wconf 88' lang='lat' dir='ltr'>se</span> <span class='ocrx_word' id='word_1_304' title='bbox 1406 4602 1502 4664; x_wconf 89' lang='lat' dir='ltr'>super</span> 
     </span>
     <span class='ocr_line' id='line_1_41' title="bbox 236 4684 1500 4768; baseline 0.004 -23"><span class='ocrx_word' id='word_1_305' title='bbox 236 4702 275 4745; x_wconf 90' lang='lat' dir='ltr'>eo</span> <span class='ocrx_word' id='word_1_306' title='bbox 299 4684 434 4763; x_wconf 90' lang='lat' dir='ltr'>jurabit,</span> <span class='ocrx_word' id='word_1_307' title='bbox 467 4685 554 4766; x_wconf 92' lang='lat' dir='ltr'>quod</span> <span class='ocrx_word' id='word_1_308' title='bbox 585 4705 643 4747; x_wconf 91' lang='lat' dir='ltr'>nec</span> <span class='ocrx_word' id='word_1_309' title='bbox 669 4686 736 4768; x_wconf 90' lang='lat' dir='ltr'>ipse</span> <span class='ocrx_word' id='word_1_310' title='bbox 768 4706 826 4747; x_wconf 92' lang='lat' dir='ltr'>nec</span> <span class='ocrx_word' id='word_1_311' title='bbox 858 4686 940 4747; x_wconf 88' lang='lat' dir='ltr'>alius</span> <span class='ocrx_word' id='word_1_312' title='bbox 972 4687 1071 4748; x_wconf 91' lang='lat' dir='ltr'>homo</span> <span class='ocrx_word' id='word_1_313' title='bbox 1095 4707 1171 4749; x_wconf 91' lang='lat' dir='ltr'>suus</span> <span class='ocrx_word' id='word_1_314' title='bbox 1204 4687 1335 4750; x_wconf 90' lang='lat' dir='ltr'>domine</span> <span class='ocrx_word' id='word_1_315' title='bbox 1362 4688 1500 4750; x_wconf 89' lang='lat' dir='ltr'>Hemma</span> 
     </span>
     <span class='ocr_line' id='line_1_42' title="bbox 236 4791 1441 4872; baseline 0.007 -24"><span class='ocrx_word' id='word_1_316' title='bbox 236 4805 347 4851; x_wconf 87' lang='lat' dir='ltr'>vocate</span> <span class='ocrx_word' id='word_1_317' title='bbox 372 4792 496 4872; x_wconf 87' lang='lat' dir='ltr'>aliquas</span> <span class='ocrx_word' id='word_1_318' title='bbox 520 4812 569 4854; x_wconf 87' lang='lat' dir='ltr'>res</span> <span class='ocrx_word' id='word_1_319' title='bbox 592 4791 630 4852; x_wconf 93' lang='lat' dir='ltr'>de</span> <span class='ocrx_word' id='word_1_320' title='bbox 656 4791 755 4853; x_wconf 91' lang='lat' dir='ltr'>domo</span> <span class='ocrx_word' id='word_1_321' title='bbox 779 4812 835 4853; x_wconf 90' lang='lat' dir='ltr'>sua</span> <span class='ocrx_word' id='word_1_322' title='bbox 859 4793 1071 4872; x_wconf 88' lang='lat' dir='ltr'>abstraxisset,</span> <span class='ocrx_word' id='word_1_323' title='bbox 1096 4808 1127 4856; x_wconf 91' lang='lat' dir='ltr'>et</span> <span class='ocrx_word' id='word_1_324' title='bbox 1153 4793 1214 4856; x_wconf 92' lang='lat' dir='ltr'>hoc</span> <span class='ocrx_word' id='word_1_325' title='bbox 1238 4808 1353 4856; x_wconf 90' lang='lat' dir='ltr'>octavo</span> <span class='ocrx_word' id='word_1_326' title='bbox 1378 4794 1441 4857; x_wconf 92' lang='lat' dir='ltr'>die.</span> 
     </span>
    </p>
   </div>
   <div class='ocr_carea' id='block_1_3' title="bbox 0 0 1740 5234">
    <p class='ocr_par' dir='ltr' id='par_1_17' title="bbox 0 0 1740 5234">
     <span class='ocr_line' id='line_1_43' title="bbox 0 0 1740 5234; baseline 0 0"><span class='ocrx_word' id='word_1_327' title='bbox 0 0 1740 5234; x_wconf 95' lang='lat' dir='ltr'> </span> 
     </span>
    </p>
   </div>
  </div>
 </body>
</html>
