3472 5234
274 300 334 382 358

272 410 371 415 --—.
381 408 585 415 ——-.—-.—-
596 405 1001 413 —-—.—--—-.-.—-—.—....-—.

376 513 455 574 Item
481 513 582 573 Lucas
607 511 750 573 medicus
773 524 883 573 contra
905 510 1083 572 Fabianum
1110 511 1272 573 literatum
1297 512 1401 594 ptimo
1417 512 1537 574 citatus

271 639 336 681 non
369 619 559 701 comparuit.

378 726 455 788 Item
488 725 576 806 quod
608 724 683 805 quia
716 722 821 785 lwana
853 722 970 785 mulier
1001 723 1112 785 relicta
1144 723 1269 785 Nicolai
1304 724 1336 786 id
1359 744 1415 807 per
1438 736 1536 787 testes

271 831 493 914 comprobavit
517 843 551 892 ut
568 830 634 911 ipse
651 830 805 892 Nicolaus
822 830 948 891 vineam
969 848 1059 890 suam
1077 829 1183 891 eidem
1208 829 1312 892 lwane
1328 842 1534 893 testamenta-

271 938 342 1000 liter
367 938 511 1019 legasset,
547 937 620 997 ideo
654 936 754 1018 ipsam
787 936 913 998 vineam
950 936 1055 997 eidem
1089 935 1217 997 mulieri
1242 936 1433 1017 reliquimus
1463 957 1535 1019 per·

271 1059 369 1128 petuo
394 1043 632 1126 possidendam.

376 1151 454 1214 Item
479 1151 632 1212 Nicolaus
664 1165 773 1212 contra
797 1149 998 1212 Anthonium
1031 1149 1163 1232 Jursych
1187 1150 1292 1233 primo
1323 1149 1437 1212 citatus
1468 1170 1534 1212 non

270 1273 459 1342 comparuit.

374 1365 452 1426 Item
477 1384 573 1426 causa
597 1363 740 1427 eiusdem
759 1362 913 1424 Anthonii
939 1376 1047 1423 contra
1066 1362 1191 1424 Berend
1215 1362 1255 1424 ad
1279 1376 1429 1425 octavum
1447 1363 1534 1424 diem

271 1471 311 1532 ad
335 1491 447 1552 pacem
472 1485 518 1533 est
541 1482 723 1553 prorogata.

377 1578 453 1640 Item
479 1577 625 1639 Thomas
648 1576 821 1657 calcaripar
838 1588 952 1636 octavo
977 1576 1029 1638 dle
1052 1576 1152 1637 tercIo
1169 1596 1201 1636 se
1218 1595 1313 1658 supet
1338 1595 1377 1637 eo
1402 1575 1533 1657 jurabit,

269 1683 357 1766 quod
383 1684 449 1766 ipse
474 1685 506 1745 in
532 1683 615 1745 lacto
640 1682 806 1744 cuiusdam
832 1683 978 1744 clamidis
1002 1682 1156 1743 innocens
1179 1682 1228 1745 sit.

376 1807 454 1869 Item
483 1812 596 1890 Agnya
621 1806 731 1888 puella
747 1819 860 1867 octavo
878 1805 930 1867 dle
951 1805 1049 1867 tercio
1066 1825 1098 1866 se
1123 1824 1273 1888 supereo
1295 1804 1423 1885 jurabit,
1441 1805 1530 1886 quod

270 1913 337 1995 ipsa
362 1913 534 1975 clamidem
560 1914 640 1974 Kata
664 1912 817 1974 servitrici
843 1911 972 1973 Thome
996 1912 1084 1973 dedit
1108 1910 1372 1973 conservandam.

377 2037 454 2098 Item
479 2056 572 2099 causa
594 2036 720 2098 Nicolai
745 2035 859 2117 judicis
883 2050 914 2097 et
941 2036 1065 2098 Nicolai
1097 2034 1190 2116 jurati
1215 2048 1325 2097 contra
1349 2035 1530 2098 Iohannem

269 2142 371 2204 filium
396 2143 514 2206 Donati
538 2143 578 2205 ad
603 2155 752 2205 octavum
776 2143 863 2204 diem
888 2142 928 2203 ad
952 2161 1062 2225 pacem
1089 2156 1135 2205 est
1160 2156 1296 2225 recepta.

392 2397 486 2470 Fetia
516 2407 612 2470 sexta
641 2400 795 2488 proxima
823 2406 900 2488 post
928 2400 1051 2470 testum
1079 2401 1187 2469 sancti
1217 2399 1401 2471 laurencii.

374 2567 451 2629 Item
477 2568 675 2650 Dragozlaus
699 2581 809 2630 contra
833 2568 1025 2629 Mauricium
1054 2580 1168 2630 octavo
1193 2569 1244 2629 die
1269 2568 1485 2649 respondebit.

374 2674 453 2737 Item
478 2676 631 2737 Nicolaus
655 2674 767 2737 Detrih
792 2689 901 2735 contra
930 2678 1058 2736 Annam
1084 2675 1253 2737 mulierem
1286 2675 1392 2757 prImo
1417 2674 1533 2736 citatus

268 2799 333 2841 nou
358 2782 547 2863 comparuit.
960 2775 962 2779 ’

374 2887 452 2948 Item
478 2888 588 2948 Petrus
612 2901 721 2948 contra
747 2887 960 2948 laurencium
986 2887 1090 2968 primo
1114 2886 1228 2948 citatus
1251 2905 1315 2947 non
1341 2885 1533 2968 comparuit.

374 3012 452 3073 Item
479 3011 661 3072 Hermanus
686 3008 774 3071 faber
805 3025 915 3072 contra
941 3011 1157 3092 Dragozlaum
1189 3011 1294 3092 prImo
1318 3010 1432 3071 citatus
1463 3027 1531 3071 non

268 3118 457 3199 mmmmm

373 3224 449 3285 Item
476 3222 638 3284 Iohannes
662 3221 747 3283 filius
771 3223 882 3285 militis
906 3236 1015 3284 contra
1041 3222 1231 3284 Mauricium
1255 3222 1397 3284 secundo
1415 3223 1549 3302 citatus

268 3348 332 3390 non
354 3329 543 3410 comparuit.

372 3434 450 3496 Item
476 3454 568 3495 causa
594 3435 709 3517 judicis
734 3448 843 3497 contra
869 3433 1046 3516 Georqum
1068 3434 1296 3516 calcarIparum
1321 3434 1360 3494 ad
1386 3434 1528 3516 primum

266 3540 421 3621 judicium
446 3555 518 3621 post
541 3561 635 3602 suum
661 3542 833 3604 adventum
863 3555 910 3602 est
933 3554 1114 3623 prorogata.

371 3646 449 3708 Item
465 3646 632 3730 GyanInus
646 3647 730 3709 filius
740 3646 916 3730 Mychaelis
928 3666 1029 3728 usque
1043 3647 1223 3728 quindenas
1234 3646 1375 3727 Georgio
1386 3646 1531 3727 quinque

267 3753 336 3815 flor.
362 3754 430 3815 auri
455 3754 568 3816 solvet.

372 3861 449 3921 Item
474 3880 566 3922 causa
592 3861 725 3922 Fabiani
751 3875 859 3923 contra
885 3861 1065 3923 Iohannem
1098 3859 1285 3943 Bozoulych
1310 3860 1350 3921 ad
1376 3872 1528 3921 octavum

266 3966 352 4029 diem
376 3967 417 4028 ad
442 3988 552 4050 pacem
579 3982 626 4030 est
654 3982 790 4049 recepta.

373 4090 450 4153 Item
476 4091 559 4153 lwan
589 4092 738 4175 Lnytrich
772 4107 803 4153 et
835 4093 958 4175 Symon
990 4092 1130 4153 salivena
1156 4090 1330 4172 quemdam
1363 4091 1528 4153 hominem

266 4218 282 4258 a
309 4218 374 4279 quo
399 4199 465 4280 ipse
492 4199 577 4260 Iwan
603 4200 729 4260 vineam
756 4199 787 4260 in
811 4199 972 4260 territorio
993 4197 1134 4279 Capituli
1160 4198 1298 4274 emisset,
1323 4199 1419 4259 ambo
1440 4217 1531 4259 com·

266 4305 406 4365 munitet
429 4324 501 4366 cum
537 4305 679 4385 ipsorum
712 4306 858 4387 expensis
890 4305 1048 4366 adducere
1081 4318 1111 4365 et
1134 4323 1193 4386 pro
1226 4304 1433 4365 emanatione
1458 4304 1529 4366 lite-

266 4429 371 4470 rarum
396 4412 492 4472 ambo
516 4430 686 4492 procurare
711 4410 863 4493 (debent).

372 4534 450 4596 Item
474 4554 570 4616 super
600 4548 722 4617 quanto
746 4535 930 4597 Anthonius
954 4534 1076 4616 juratus
1108 4547 1197 4596 sutor
1227 4548 1342 4598 octavo
1366 4533 1418 4596 die
1442 4534 1531 4597 solus

265 4636 383 4717 jurabit
407 4654 441 4702 ut
464 4654 622 4722 quantum
651 4641 770 4703 valeret
791 4642 930 4723 quedam
963 4640 1085 4719 clamis,
1109 4639 1170 4702 hoc
1200 4640 1261 4701 sibi
1287 4639 1433 4723 Mathyas
1457 4660 1529 4723 per·

265 4744 388 4808 solvere
414 4746 520 4812 debet.
1406 4745 1414 4757 ’
